3060 5086
711 245 887 300 -30-

210 440 294 514 σμου
310 425 349 490 τὰ
366 427 444 504 μέρη
461 425 550 507 (158,
570 425 638 506 15);
663 425 806 507 queritur
823 425 863 505 (V
883 426 948 507 14),
973 423 1057 507 quod
1080 422 1265 506 Christiani,
1289 424 1317 490 si
1342 422 1384 488 de

209 533 441 600 resurrectione
465 534 606 614 carnis1)
639 533 785 598 nesciant
818 531 930 597 tollere
964 530 1188 614 difficultates,
1224 530 1384 610 καταφεύ-

209 655 326 716 γουσιν
349 640 394 718 εἰς
419 639 631 719 ἀτοπωτάτην
662 640 880 721 ἀναχώρησιν,
910 639 959 704 ὅτι
983 642 1049 704 πᾶν
1073 639 1213 704 δυνατὸν
1236 645 1282 722 τῷ
1307 644 1383 722 θεῷ,

209 748 350 830 itemque
365 752 473 812 noster
488 749 532 830 (ρ.
545 747 620 828 204,
632 749 704 829 21);
722 745 861 829 denique
874 767 913 811 ex
929 746 1120 812 Christianis
1131 745 1293 812 Christum
1310 766 1384 830 pec·

209 854 371 921 catonibus
394 853 525 920 missum
550 874 618 920 esse
642 854 921 939 pronuntiantibus
945 855 1019 936 (ΙΙΙ,
1037 855 1093 934 62)
1117 852 1383 937 indignabundus

210 963 350 1044 quaerit:
375 962 405 1026 τί
428 963 526 1026 κακὸν
549 963 587 1025 τὸ
612 965 651 1040 μη
669 961 880 1041 ἡμαρτηκέναι
898 963 981 1026 sicut
997 967 1105 1028 noster
1124 963 1168 1046 (p.
1189 962 1264 1042 168)
1289 967 1381 1026 notat

209 1069 293 1134 illius
317 1068 395 1133 dicti
420 1067 619 1136 iniustitiam.

316 1177 440 1241 Tamen
463 1184 571 1243 noster
587 1178 714 1262 proprie
731 1197 857 1262 semper
874 1198 940 1243 rem
958 1177 1128 1261 convertit,
1154 1197 1225 1242 cum
1242 1180 1287 1261 (p.
1307 1177 1381 1260 168,

209 1285 293 1360 4.,5)
319 1291 468 1367 quaerat:
498 1281 548 1363 ἆρ’
577 1285 635 1349 οὐκ
658 1284 776 1364 ἔκαμον
800 1285 836 1349 οἱ
860 1285 1029 1365 πατέρες
1053 1285 1176 1366 ἡμῶν)
1206 1321 1238 1330 -
1270 1289 1380 1349 contra

209 1371 473 1480 resurrectionem
498 1398 605 1458 autem
629 1412 660 1476 p.
678 1393 754 1475 204,
779 1392 819 1455 14
833 1411 903 1475 sqq.
928 1392 1109 1476 exemplum
1138 1392 1283 1477 proferat
1306 1391 1379 1456 arti·

207 1499 414 1570 ¹ficiosissirne
438 1500 666 1582 excogitatum,
691 1499 748 1565 sed
773 1499 837 1564 iam
861 1500 1044 1584 apologetis
1067 1500 1182 1584 priscis
1210 1518 1308 1583 saepe
1333 1518 1376 1563 re-

213 1606 386 1683 tutaturus)
414 1603 552 1688 ideoque
575 1606 713 1672 fortasse
738 1627 757 1671 a
779 1607 923 1673 Macerio
946 1613 982 1671 ut
1005 1607 1129 1691 puerile
1153 1607 1380 1692 exprobratum

209 1713 299 1794 (224,
321 1713 366 1795 5),
402 1712 538 1780 bominis
573 1713 722 1797 naufragi
759 1712 843 1797 dico,
881 1714 970 1780 cuius
1006 1733 1122 1798 corpus
1158 1713 1268 1780 nescio
1304 1719 1381 1796 quot

209 1820 348 1885 ferarum
372 1839 430 1904 per
452 1820 543 1886 alvos
566 1821 786 1887 transmissum
815 1820 869 1886 die
884 1820 1138 1886 'resurrectionis
1161 1841 1226 1904 qua
1250 1819 1380 1885 tandem

209 1929 339 1994 ratione
356 1948 396 1992 ex
420 1927 566 1994 omnibus
593 1929 658 1994 suis
691 1929 858 2013 particulis
891 1930 1091 2008 restituatur;
1127 1927 1379 1995 Christianorum

209 2043 316 2106 antem
340 2032 381 2100 de
414 2036 542 2100 interitu
578 2036 687 2100 mnndi
723 2037 913 2102 sententiam
949 2056 1006 2102 suo
1043 2055 1130 2101 more
1165 2055 1205 2101 ex
1239 2037 1379 2120 ipsorum

209 2141 300 2207 libris
330 2143 433 2207 sacris
466 2140 606 2225 quadam
639 2143 764 2208 ratione
797 2142 950 2208 historica
982 2147 1028 2208 ita
1060 2144 1241 2228 impugnat,
1278 2148 1380 2208 utne

210 2249 347 2334 expletis
371 2247 497 2331 quidem
524 2248 761 2315 conditionibus
778 2251 811 2315 in
827 2270 852 2315 s.
870 2251 1029 2335 scriptura
1053 2249 1150 2316 dictis
1173 2249 1284 2315 mnndi
1308 2271 1379 2315 con·

206 2357 450 2422 summationem
476 2363 507 2422 et
531 2357 630 2424 finem
655 2357 777 2422 dierum
805 2359 981 2425 accessisse
1015 2357 1176 2440 ostendat,
1211 2377 1379 2441 quaecum-

208 2483 268 2547 que
293 2483 368 2528 vero
392 2462 433 2528 de
457 2464 591 2550 singulis
616 2463 734 2530 Christi
761 2465 856 2531 dictis
886 2465 1045 2548 factisque
1070 2465 1314 2549 exprobrantur,
1339 2465 1379 2530 ab

208 2586 253 2638 eo*
269 2592 332 2641 nou
356 2577 576 2657 proponuntur
600 2573 641 2638 ad
665 2574 768 2658 ipsam
794 2573 913 2639 Christi
937 2558 1106 2658 personam
1131 2571 1378 2657 corripiendam,

207 2678 264 2744 sed
289 2679 330 2744 ad
355 2680 424 2745 eius
448 2680 617 2746 veritatem
641 2681 682 2746 ab
716 2682 833 2765 ineptis
866 2679 1095 2765 discipulorum
1128 2681 1248 2745 fabulis
1272 2681 1377 2746 vindi·

208 2787 360 2852 eandam:
390 2788 451 2853 buc
476 2789 560 2854 enim
584 2807 656 2852 mea
690 2786 840 2872 opinione
873 2795 1009 2872 spectat,
1044 2790 1070 2854 si
1095 2788 1313 2873 evangelistas
1337 2787 1378 2853 de

206 2893 285 2978 ipsis
309 2894 403 2961 rebus
427 2895 653 2962 dissentientes
678 2897 720 2979 (ρ.
739 2897 794 2975 20)
820 2895 870 2959 vel
899 2915 993 2959 unum
1019 2903 1217 2961 asserentem
1241 2902 1380 2962 ceteros·

205 3015 271 3082 que
294 3007 443 3067 tacentes
464 3000 617 3070 describit
642 3005 685 3086 (ρ.
704 3003 759 3079 22)
783 3002 833 3068 vel
859 3021 1051 3085 unoquoque
1085 3003 1154 3067 iere
1187 3003 1295 3088 capite
1318 3005 1380 3087 pri-

209 3128 297 3174 orum
322 3109 472 3173 librorum
496 3108 636 3191 aliquam
660 3131 686 3177 s.
713 3111 891 3194 scripturae
917 3109 1083 3176 historiam
1106 3131 1169 3175 non
1186 3112 1254 3176 sine
1271 3111 1378 3192 aliquo

207 3214 393 3299 pusillarum
426 3232 529 3281 rerum
562 3216 680 3298 studio,
717 3223 872 3301 utsupra
903 3217 1203 3310 demonstrauimus,
1237 3217 1376 3282 ostendit
1441 3265 1444 3274 ,

204 3343 279 3390 ,esse
301 3323 414 3403 ἀσαφῆ
439 3325 506 3406 (25,
523 3325 556 3402 5)
579 3324 776 3406 rationisque
802 3333 965 3410 expertem
985 3327 1098 3407 (μηδὲν
1115 3326 1214 3403 λόγου
1231 3326 1378 3404 κατέχου-

207 3443 271 3494 σαν
299 3430 430 3509 ἕρμαιον
453 3429 544 3509 ibid.)
578 3431 629 3500 vel
662 3430 981 3516 ἀνακό)ανοον,(62,,
998 3435 1027 3513 l)
1052 3435 1073 3500 i.
1097 3414 1127 3497 e.
1152 3433 1184 3496 in
1210 3431 1380 3497 narrandis

314 3609 340 3675 1)
360 3609 406 3663 De
426 3622 483 3677 qua
514 3624 546 3663 re
575 3609 688 3664 multae
715 3610 776 3662 iam
805 3610 1030 3664 controversiae
1058 3612 1181 3665 fucrant
1200 3611 1330 3680 paganis
1350 3613 1380 3663 et

206 3698 375 3768 apologetis
390 3695 579 3765 Christianis;
599 3700 635 3753 cf.
650 3699 746 3754 lustin
766 3699 919 3768 apol.119
939 3699 1020 3753 med:
1039 3699 1123 3753 colcu
1142 3700 1195 3766 γὰρ
1215 3698 1292 3753 ἀξίαν
1312 3703 1378 3752 θεοί)

205 3789 323 3853 δύναμιν
341 3787 477 3854 λέγουσιν,
497 3802 604 3856 nempe
625 3789 676 3856 qui
696 3789 947 3842 resurrectionem
973 3789 1165 3858 impugnant,
1186 3788 1234 3842 vel
1254 3788 1378 3842 Tertull.

206 3891 253 3946 ap.
267 3875 306 3933 48
322 3875 403 3930 med:
426 3874 654 3942 ,Dubitabatur,
675 3876 775 3944 credo,
796 3877 833 3931 de
852 3877 910 3932 Dei
931 3878 1056 3931 viribus.
1071 3919 1076 3930 .
1091 3877 1113 3931 .“

286 3999 288 4004 ·
311 3965 339 4028 2)
359 3963 401 4019 Cf.
422 3964 530 4018 Tutian
560 3966 630 4033 πρὸς
647 3965 784 4031 Ἕλληνας
809 3982 833 4020 ο.
848 3967 872 4034 6,
893 3968 950 4036 pf
971 3967 1015 4021 ed.
1036 3965 1187 4021 Schwartz
1217 3965 1326 4034 (,Text
1348 3982 1376 4020 u.

205 4053 444 4123 Untersuehgn.“
460 4053 505 4106 Bd
524 4053 589 4119 IV):
610 4055 660 4107 κᾶν
674 4055 705 4108 ἐν
718 4062 853 4120 ποταμοῖς
866 4097 872 4111 .
886 4095 892 4108 .
908 4097 913 4109 .
933 4057 1121 4123 ἑκδαπανηθῶ
1135 4056 1188 4108 κᾶν
1201 4057 1256 4109 ὑπὸ
1271 4056 1378 4122 θηρίων

205 4145 370 4198 διασπασθῶ
389 4146 446 4196 κτλ.
468 4143 514 4197 vel
534 4143 645 4197 Minue.
663 4143 732 4210 rol,
753 4143 856 4201 Octav.
877 4162 901 4199 c.
917 4146 965 4198 11:
987 4151 1103 4214 ,utrum
1126 4146 1210 4199 ferae
1234 4145 1378 4214 diripiant

202 4248 243 4285 an
265 4233 360 4286 maria
379 4233 581 4286 consumant.“
603 4261 637 4271 -
663 4231 805 4288 Similiter
827 4235 931 4302 scribit
951 4232 1137 4303 Athenagor.
1158 4234 1195 4288 de
1219 4240 1377 4288 resurrect.

204 4338 228 4376 c.
240 4322 258 4378 3
270 4324 322 4390 fin,
341 4321 434 4387 linit,
455 4337 482 4392 p.
496 4321 539 4388 51,
553 4322 657 4392 24sqq.
678 4323 724 4377 ed.
739 4322 891 4378 Schwartz
911 4324 983 4390 (1.1.)
1002 4325 1035 4378 τὸ
1055 4325 1290 4393 διατεθρυμμένον
1305 4323 1377 4392 (εἰς)

203 4411 297 4478 πλήθη
317 4413 399 4478 Ζῲων
418 4411 611 4464 παντοδαπῶν
631 4419 660 4466 et
679 4412 802 4466 Tertull.
823 4413 861 4466 de
880 4409 990 4467 resurr.
1011 4428 1093 4466 carn.
1114 4430 1136 4466 c.
1151 4415 1175 4468 4.
