3060 5086
654 287 830 342 -35-

159 467 343 552 flagitabat,
369 475 480 534 eontra
503 469 669 534 Hierocles
693 469 777 533 omni
802 466 908 533 studio
939 466 1128 551 conscripsit
1159 467 1327 548 utriusque

160 575 339 658 παράθεσίν
363 597 397 640 τε
420 578 471 640 καὶ
495 575 663 654 σύγκρισιν
688 576 776 656 (Eus.
796 595 823 639 c.
842 576 930 639 Hier.
949 595 975 638 c.
996 575 1011 637 1
1031 575 1113 656 fin),
1148 575 1199 638 cui
1224 580 1324 638 totum

158 682 271 748 librum
308 702 469 768 opponere
505 683 663 749 Eusebius
692 703 771 767 opus
805 701 876 748 esse
910 681 1063 765 decrevit,
1098 701 1137 746 ac
1170 681 1328 765 prioribus

158 789 351 855 enumeratis
376 789 599 854 miraculorum
625 789 809 854 auctoribus
833 789 875 862 ab
898 789 989 853 initio
1015 807 1146 854 exorsus
1162 790 1328 872 stupenda

157 895 275 962 Christi
299 904 332 961 et
348 896 509 982 Apollonii
531 899 628 983 fucta
651 897 819 962 recensuit
843 897 957 961 omaia
975 895 1062 976 (Eus.
1080 896 1123 960 ib.
1142 917 1169 960 c.
1183 896 1228 976 2).
1265 895 1328 959 Ubi

158 1023 234 1068 vero
267 1001 353 1088 apud
389 1010 530 1070 nostrum
567 1004 729 1070 exstitisse
764 1003 939 1088 putaveris,
977 1023 1059 1085 quae
1092 1001 1133 1066 de
1157 1001 1329 1087 Apollonio

158 1109 335 1192 quasi-deo
359 1111 516 1176 honorato
540 1117 572 1176 et
596 1110 638 1176 de
668 1112 735 1176 eius
764 1111 934 1176 simulacro
964 1129 1229 1175 commemorasse
1254 1109 1327 1174 Hic-

159 1218 276 1285 roclem
310 1225 422 1284 auctor
456 1227 506 1284 est
536 1219 726 1284 Lactantius
752 1220 796 1303 (p.
813 1218 890 1300 408,
909 1219 951 1282 22
964 1220 1036 1300 sqq)
1061 1217 1113 1281 vel
1147 1201 1229 1299 quae
1258 1236 1327 1280 eum

159 1323 341 1410 disputasse
366 1325 445 1391 dicit
469 1329 514 1410 (p.
531 1327 607 1409 409,
626 1327 643 1391 l
659 1330 730 1409 sqq)
755 1325 796 1390 de
814 1324 1063 1391 Christianorum
1083 1330 1114 1388 et
1131 1344 1329 1408 paganorum

161 1429 354 1516 discrimine,
380 1432 464 1515 quod
489 1433 521 1496 hi
545 1434 743 1498 mirabilibus
766 1433 862 1498 factis
885 1453 947 1497 non
971 1433 1077 1498 statim
1096 1430 1196 1495 fidem
1214 1415 1329 1495 divini·

158 1540 235 1606 tatis
254 1538 476 1625 adiungerent,
500 1539 546 1605 illi
564 1540 604 1605 ob
622 1541 739 1624 exigua
755 1545 904 1626 portenta
920 1539 1014 1604 deum
1032 1537 1222 1605 crederent?
1237 1558 1329 1632 ¹quae
1355 1584 1360 1594 .

160 1646 311 1731 copiosae
334 1647 553 1713 tautummodo
571 1647 690 1713 Christi
706 1655 739 1713 et
753 1647 913 1732 Apollonii
939 1647 1179 1732 comparationi,
1204 1646 1330 1729 qualem

158 1753 316 1820 Eusebius
351 1753 437 1840 apud
471 1755 651 1820 Hieroclem
686 1755 775 1838 legit,
812 1754 940 1820 adnecti
976 1760 1156 1839 potuerunt.
1203 1754 1329 1820 Deinde

159 1860 326 1927 Hierocles
349 1862 504 1927 miracula
528 1867 619 1937 curat
643 1860 752 1926 divina
768 1860 906 1944 quadam
923 1868 1020 1945 atque
1036 1881 1155 1926 arcana
1171 1863 1330 1947 sapientia

159 1969 314 2053 perfecta,
348 1975 456 2034 noster
479 1969 533 2034 illo
558 1970 628 2034 looo
655 1969 799 2051 hominis,
831 1970 884 2052 qui
908 1967 1112 2053 philosophia
1136 1967 1267 2052 dignum
1292 1989 1326 2034 se

155 2079 371 2161 praestiterit,
405 2078 544 2141 animum
580 2083 677 2160 atque
712 2097 816 2142 mores
852 2076 1004 2159 celebrat,
1041 2075 1124 2140 siout
1160 2077 1222 2140 alio
1257 2076 1329 2140 loco

160 2188 203 2269 (p.
224 2185 297 2267 163,
316 2185 350 2262 ὁ)
381 2185 582 2268 Apollonium
619 2185 721 2264 ἄνδρα
752 2184 936 2267 φιλοσοφίᾳ
968 2183 1057 2268 πάσῃ
1091 2184 1330 2262 κεκοσμημένον

161 2291 298 2357 fortasse
321 2312 340 2354 a
365 2290 556 2356 Christianis
580 2293 627 2355 ait
651 2291 714 2356 dici
738 2293 833 2376 posse
857 2311 953 2355 unum
978 2311 996 2354 e
1018 2290 1110 2356 falsis
1135 2289 1330 2372 doctoribus,

159 2419 237 2481 quos
261 2418 317 2464 suo
341 2399 468 2464 nomine
491 2406 643 2466 uenturos
666 2417 737 2463 esse
761 2398 904 2464 Christus
928 2397 1136 2482 praedixerit.
1185 2398 1243 2462 His
1266 2399 1330 2462 iam

158 2506 237 2572 satis
262 2505 472 2572 demonstrari
505 2507 617 2590 opinor
653 2506 749 2569 alium
782 2505 881 2570 fuisse
899 2504 1063 2569 ‘Hieroclis
1093 2505 1208 2569 librum
1234 2511 1330 2587 atque

158 2615 291 2680 Macarii
326 2615 464 2696 fontem3
499 2613 557 2680 sed
591 2614 706 2678 ceteris
740 2612 836 2677 etiam
869 2610 1126 2696 respondendum
1156 2611 1332 2678 Duchesnii

159 2724 356 2806 argumentis
380 2723 563 2788 minoribns.
693 2709 696 2712 ¹

264 2831 348 2898 Nam
384 2850 455 2895 cum
491 2829 679 2896 Lactantius
714 2829 894 2895 Hieroclem
938 2827 988 2914 ,in
1028 2826 1176 2913 epilogo“
1218 2827 1331 2894 laudes

159 2938 273 3004 summi
298 2937 350 3004 dei
374 2945 575 3023 prosecutum
611 2937 676 3022 „ad
708 2937 877 3003 ultimum“
912 2938 1015 3022 ipsum
1051 2955 1139 3000 suam
1177 2938 1331 3003 evertisse

159 3045 306 3112 affirmet
339 3045 525 3130 religionem
550 3043 666 3112 ceteris
690 3044 750 3128 dis,
787 3064 866 3127 quos
900 3043 1054 3125 crederet,
1091 3044 1145 3107 uni
1179 3044 1332 3110 subiectis

159 3159 256 3235 atque
272 3153 475 3237 mancipatis,
499 3160 617 3234 noster,
641 3152 701 3217 etsi
719 3151 853 3216 eandem
871 3151 1080 3234 posteriorum
1094 3150 1332 3216 Platonicorum

160 3255 355 3342 theologiam
387 3260 558 3345 profitetur
591 3245 742 3338 (maxime
765 3280 797 3343 p.
817 3257 879 3323 199
910 3263 942 3322 et
966 3259 1055 3338 200),
1092 3264 1178 3322 certe
1212 3278 1274 3322 non
1300 3259 1332 3321 in

164 3363 291 3446 epilogo
316 3364 419 3444 solum
441 3365 503 3429 hoc
520 3364 619 3429 affert
634 3384 746 3447 neque,
766 3372 807 3447 ut
822 3363 950 3429 videtur
967 3364 1161 3445 Duchesnio,
1186 3366 1241 3446 „in
1265 3364 1332 3428 fine

163 3467 268 3550 libri“,
292 3468 350 3535 sed
374 3472 407 3535 in
430 3471 496 3536 fine
520 3471 622 3556 partis
645 3473 737 3537 nobis
763 3478 923 3555 servatae,
961 3471 1111 3554 quoniam
1136 3470 1206 3535 libri
1233 3472 1334 3554 quinti

160 3574 376 3658 fragmentum
399 3599 420 3644 a
443 3579 601 3646 Turriano
633 3579 725 3645 nobis
757 3585 917 3644 servatum
951 3599 1021 3646 esse
1050 3585 1161 3643 contra
1191 3578 1333 3644 Duches-

161 3681 248 3746 nium
273 3703 368 3768 supra
393 3685 590 3752 ostendimus
614 3707 645 3771 p.
666 3687 706 3750 10
731 3693 796 3752 not.
814 3686 845 3750 4.
877 3723 919 3731 -
949 3685 1042 3763 Quod
1067 3692 1174 3750 autem
1198 3686 1332 3751 Macarii

162 3789 382 3856 adversarium
407 3799 517 3878 aperte
540 3793 677 3878 prodere
701 3795 808 3858 alteo
832 3812 867 3858 se
891 3798 1035 3877 tempore
1059 3792 1236 3876 scripsisse,
1271 3813 1332 3875 quo

160 3897 346 3979 apluribus
376 3919 426 3966 res
460 3899 589 3984 publica
615 3900 759 3965 Romana
790 3898 973 3982 regebatur,
1008 3899 1190 3964 testimonio
1221 3899 1250 3964 ei
1284 3888 1333 3965 est

161 4003 250 4069 locus
274 4006 538 4092 interpretatione
561 4009 711 4085 incertus,
736 4028 829 4090 quem
854 4028 895 4072 an
918 4009 1023 4092 potius
1049 4007 1190 4072 Macario
1214 4011 1333 4071 retrac-

159 4111 256 4176 tatori
281 4112 486 4197 adsignemus
511 4112 725 4180 dubitaverim
735 4117 769 4194 ¹).
818 4113 911 4193 Quod
936 4134 1011 4179 vero
1028 4112 1112 4177 idem
1129 4110 1333 4178 Duchesnius

122 4289 124 4296 ,
160 4239 198 4284 eo
222 4219 303 4301 locu,
329 4240 391 4303 quo
415 4222 456 4286 ad
480 4221 701 4289 illustrandam
726 4221 868 4288 divinam
891 4221 1108 4287 monarchiam
1134 4219 1331 4285 Hadrianum

163 4362 374 4372 n--n-u--a

268 4452 295 4515 1)
315 4451 426 4506 Videas
445 4450 535 4506 huius
555 4453 775 4506 dissertationls
794 4469 821 4522 p.
836 4450 871 4505 24
889 4456 950 4505 not.
964 4450 989 4504 4.
