3060 5086
672 279 847 333 „12-

173 459 340 525 ecelesiam
375 459 495 526 similes
533 467 698 526 moverent
735 459 949 526 difficultates
988 458 1268 541 dubitationesque
1305 479 1345 524 ae

173 568 309 652 paganis
333 568 533 634 solverentur
556 568 589 632 in
619 567 709 633 libris
738 566 810 634 illis.
858 565 942 644 Quid
966 587 1042 632 vero
1067 587 1115 633 ca.
1134 587 1163 630 a.
1180 567 1256 648 400,
1282 585 1344 648 quo

174 681 319 759 tempore
336 675 511 740 Maearium
529 675 696 760 scripsisse
712 695 808 760 supra
831 675 1038 758 probavimus
1062 693 1131 740 esse
1155 672 1345 758 putandum,

175 803 247 848 eum
270 783 384 868 religio
409 782 593 850 Christiana
616 803 739 849 summa
764 787 923 868 potestate
947 783 1050 867 potita
1073 802 1131 867 per
1154 781 1220 848 vim
1248 801 1346 866 paga·

173 910 288 955 norum
311 890 465 974 reliquias
490 891 670 975 opprimere
693 890 756 954 iarn
784 889 952 974 inciperet,
977 890 1147 974 oportebat
1180 888 1269 953 libris
1298 907 1345 952 re

175 998 289 1063 fellere
316 995 522 1084 „Graecos“?

284 1104 405 1184 Quodsi
430 1106 564 1171 Macarii
588 1105 686 1170 libros
710 1105 900 1190 inspexeris,
933 1105 1041 1170 statim
1070 1104 1215 1169 invenies
1248 1123 1344 1188 paga·

174 1233 297 1296 norum,
323 1234 394 1279 cum
419 1212 534 1296 quibus
558 1213 767 1296 colloquatur,
796 1233 909 1297 parum
941 1231 1011 1277 eum
1036 1210 1155 1278 habere
1178 1209 1345 1291 rationem,

176 1341 249 1386 cum
272 1321 350 1406 ipsis
374 1320 607 1406 praesentibus,
631 1328 666 1386 ut
690 1319 870 1404 exemplum
895 1319 1044 1402 afferam,
1069 1316 1261 1384 Iudaeorum
1278 1317 1345 1401 lap·

174 1448 244 1493 sum
277 1428 366 1494 dicat
398 1432 541 1494 πλοῦτον
576 1428 697 1493 ἐθνῶν
731 1429 819 1508 (109,
840 1429 875 1509 4)
905 1434 938 1492 et
961 1425 1079 1494 Christi
1110 1445 1236 1496 erucem
1260 1428 1346 1502 τοῖς

175 1534 360 1615 ἀπίστοις
394 1556 463 1602 esse
499 1535 616 1614 σκότος
655 1534 854 1614 ἀδιόρθωτον
884 1535 939 1616 (ib.
956 1555 987 1600 v.
1004 1535 1047 1618 6),
1084 1540 1196 1599 contra
1231 1533 1345 1597 intima

175 1641 341 1709 doctrinae
365 1643 567 1710 Christianae
592 1643 683 1725 quari
711 1642 887 1708 scientibus
919 1643 1033 1707 leviter
1065 1640 1160 1706 modo
1194 1639 1344 1725 perstrin-

175 1750 281 1834 gendo
316 1751 473 1836 proterat:
510 1751 698 1834 notiones1),
734 1751 863 1815 nomina
898 1749 1023 1815 Veteris
1058 1745 1209 1813 maxime'
1233 1747 1345 1812 Testa·

177 1858 320 1940 mentiti),
345 1859 542 1942 dogmata³).
590 1859 690 1922 Immo
716 1856 854 1940 quodam
883 1855 990 1938 studio
1019 1875 1197 1922 sermonem
1225 1853 1268 1918 ad
1296 1872 1348 1918 res

178 1957 254 2030 vere
278 1965 475 2050 theologicas
503 1964 665 2031 deducere
692 1966 782 2046 solet,
820 1965 1024 2047 quaestiones
1059 1983 1134 2028 vero
1164 1961 1347 2046 theologiae

176 2111 389 2123 .-.-..-.--——

285 2213 310 2277 1)
330 2211 444 2266 Passim
465 2211 636 2279 εὐαγγέλιον,
666 2211 746 2275 άγιον
764 2215 882 2277 πνεθμα,
911 2207 1056 2275 οἰκονομία
1080 2210 1179 2278 (quasi
1203 2211 1348 2263 universa

178 2301 226 2356 dei
247 2303 285 2356 de
305 2301 401 2356 salute
421 2301 575 2355 hominum
596 2300 720 2355 consilia
740 2304 832 2369 atque
851 2298 1001 2367 instituta)
1021 2299 1070 2353 vel
1090 2299 1157 2366 alia,
1183 2299 1238 2354 sed
1257 2301 1347 2353 etiam

178 2391 276 2458 Βελίαρ
296 2409 324 2461 p.
346 2391 433 2461 64,8;
452 2391 555 2460 ὃπως
576 2391 685 2457 11612
709 2390 793 2444 nulla
820 2389 1023 2460 explicatione
1051 2388 1170 2457 addita,
1198 2389 1288 2442 immo
1316 2389 1348 2442 in

176 2481 347 2551 philosophi
372 2482 530 2550 capitibus,
559 2481 597 2535 de
621 2495 751 2550 quorum
775 2480 993 2550 compositione
1018 2478 1112 2533 altero
1138 2479 1237 2547 capite
1261 2477 1347 2531 nobis

176 2571 331 2640 agendum
359 2571 423 2638 erit,
453 2570 648 2626 audientibus
674 2570 746 2625 talia
775 2570 859 2623 nuda
888 2572 917 2624 et
945 2568 1131 2638 inexplicata
1160 2568 1347 2621 obiciuntur:
1427 2593 1430 2602 Δ

175 2661 348 2726 γραφικόν
368 2661 522 2728 κεφάλαιον
542 2660 614 2714 dicit
632 2660 672 2729 (p.
686 2660 729 2728 98,
743 2659 770 2724 8)
790 2659 970 2714 sententiam
990 2673 1007 2712 e
1025 2657 1143 2712 Veteris
1162 2657 1348 2710 Testamenti

176 2764 197 2803 s.
218 2749 372 2819 scriptura¹
387 2751 521 2819 petitam,
546 2748 699 2804 Christum
718 2765 779 2804 non
796 2749 886 2803 modo
906 2751 940 2802 ut
958 2748 1008 2801 τὸν
1028 2747 1196 2802 διδάσκαλον
1215 2745 1348 2814 (minime

108 2898 110 2904 y
176 2839 227 2892 διδ.
247 2839 365 2906 ὑμῶνί)
385 2839 557 2907 introducit,
577 2840 630 2894 sed
644 2844 678 2892 ut
690 2841 776 2892 παῖδα
790 2842 856 2892 θεοθ
875 2837 930 2906 (63,
944 2838 972 2906 6)
991 2839 1050 2892 τὸν
1062 2838 1130 2892 Υίδν
1144 2836 1216 2905 (165,
1230 2836 1267 2904 e),
1286 2837 1347 2889 τὸν

176 2929 388 2997 ἐπιδημήσαντα
408 2929 479 2994 (167,
493 2929 521 2997 8)
542 2935 570 2983 et
583 2928 707 2983 Petrum
726 2934 760 2982 ut
779 2927 988 2994 πρωτοστάτην
1003 2932 1054 2981 τοθ
1068 2932 1155 2993 χοροθ
1174 2932 1242 2981 τῶν
1263 2929 1348 2992 μαθη-

176 3023 235 3072 τῶν
256 3019 328 3086 (102,
341 3019 366 3083 l)
379 3018 427 3073 vel
441 3020 519 3087 sim,
538 3019 624 3072 novit
642 3019 705 3084 τὴν
724 3018 963 3085 προσδοκωμένην
977 3019 1130 3070 ἀνάστασιν
1144 3019 1188 3069 καὶ
1204 3017 1347 3082 ἔλευσιν,

176 3109 241 3162 sive
254 3107 362 3162 Christi
382 3108 420 3162 de
439 3109 524 3178 eaelo
544 3108 674 3162 reditum
694 3107 842 3178 intellegit
858 3108 923 3161 sive
941 3106 1078 3161 fidelium
1098 3105 1137 3159 ad
1158 3120 1226 3159 eum
1247 3119 1348 3158 ascen-

176 3213 241 3252 sum
262 3212 280 3251 a
300 3196 477 3252 Christianis
497 3198 528 3250 in
549 3198 712 3251 terminum
730 3211 831 3251 rerum
852 3199 1060 3266 exspectatum
1080 3193 1150 3261 (162,
1163 3193 1201 3260 8).
1293 3243 1295 3247 ,

284 3285 310 3352 2)
331 3285 397 3342 Non
418 3285 582 3340 Abrahami
601 3286 650 3340 vel
669 3285 758 3340 Mosis
777 3285 877 3354 modo,
900 3285 1062 3340 sedetiam
1082 3284 1245 3338 remotiora
1264 3282 1349 3336 velut

178 3378 240 3430 Νῶε
259 3376 331 3444 (188,
346 3376 400 3444 18),
418 3375 548 3443 Ἱερεμίας
567 3375 691 3443 (65,16),
711 3375 837 3443 ’ίεζεκιήλ
856 3373 929 3442 (105,
941 3375 978 3442 7),
998 3374 1155 3440 Ἀββακοθμ
1169 3373 1221 3442 (66,
1235 3372 1279 3440 12)
1299 3371 1361 3426 vel·

177 3465 279 3532 Χωρήβ
298 3466 409 3520 montis
428 3465 483 3532 (89,
498 3465 542 3532 17)
563 3465 598 3519 al.

283 3555 310 3619 3)
331 3555 447 3608 Etenim
468 3558 561 3609 totam
582 3554 620 3608 de
633 3552 752 3610 Christo
767 3554 991 3624 praeexistente
1011 3556 1040 3607 et
1060 3568 1113 3622 per
1133 3553 1349 3622 prophetarum

179 3648 318 3699 veterum
338 3659 392 3699 ora
410 3644 564 3714 loquente,
584 3649 677 3699 totam
698 3645 736 3698 de
754 3643 972 3698 incarnationis
992 3643 1114 3698 consilio
1134 3651 1163 3697 et
1183 3642 1349 3696 denatura

178 3733 291 3787 diaboli
311 3733 478 3788 doctrinam
499 3749 588 3787 nosse
608 3738 726 3803 oportet
745 3748 822 3800 eum,
852 3733 905 3802 qui
927 3733 1090 3801 perspiciat
1114 3731 1349 3800 disputationem

177 3839 205 3893 p.
219 3822 263 3890 72,
278 3822 309 3876 17
321 3837 384 3891 sqq.
404 3823 562 3892 prolatam,
593 3838 661 3877 cum
681 3821 815 3878 Christus
843 3821 962 3875 dicatur
988 3823 1039 3874 τδν
1059 3820 1252 3888 κρυπτόμενον
1272 3818 1349 3885 appe·
1384 3873 1392 3894 Ι

178 3929 264 3966 κακον
284 3914 328 3966 καὶ
347 3917 509 3979 πανοθργον
530 3915 574 3966 καί
601 3914 694 3967 δόλιον
714 3913 854 3979 δράκοντα
880 3911 971 3964 θέλων
995 3910 1154 3982 ἀνασπάσαι
1182 3949 1215 3961 ..
1237 3949 1242 3962 .
1269 3907 1349 3974 δίκην

178 4004 324 4067 σκώληκος
343 4007 384 4071 τῷ
403 4006 454 4069 τῆς
473 4003 608 4070 θεότητος
628 4001 768 4069 ἀγκίστρῳ
787 4001 961 4067 περιβάλλειν
981 4000 1014 4052 τδ
1034 4003 1123 4063 σῶμα,
1151 3999 1251 4051 subito
1277 4013 1349 4051 vero

179 4093 216 4147 de
236 4093 293 4146 hoc
312 4091 542 4161 evangeliorum
562 4091 632 4146 Iesu
652 4090 691 4144 ad
711 4091 965 4160 praeexistentem
987 4088 1086 4152 Λόγον,
1113 4088 1164 4155 qui
1184 4087 1288 4141 divino
1307 4088 1350 4140 in-

178 4183 290 4237 stinctu
305 4182 475 4252 psalmistas
492 4181 700 4247 concitaverit,
720 4179 802 4233 nulla
818 4179 1042 4248 significatione
1055 4177 1242 4231 transiliatur
1262 4193 1290 4230 v.
1301 4176 1349 4228 21:

182 4273 256 4326 ὅθεν
277 4273 359 4325 καθὸ
380 4273 560 4338 ἄνθρωπος
579 4270 718 4336 ψάλλων
738 4269 801 4335 πρὸ
821 4271 949 4322 πολλοθ
963 4271 1050 4321 τοθτο
1063 4267 1222 4333 κατεμήνυε
1237 4267 1349 4330 λέγων

178 4363 250 4426 (scil.
270 4361 349 4415 idem
370 4359 532 4427 Christus):
561 4361 630 4424 ἐγὼ
657 4359 693 4412 δέ
720 4359 794 4424 εἰμι
820 4360 961 4424 σκώληξ
985 4359 1042 4411 καί
1066 4358 1130 4410 οὐκ
1156 4358 1350 4423 ἄνθρωπος

179 4452 289 4521 (Psalm
308 4451 351 4518 21,
368 4451 418 4520 17).
457 4449 544 4503 Talia
564 4465 582 4508 a
601 4464 723 4519 pagano
743 4449 879 4520 intellegi
899 4463 988 4518 posse
1008 4449 1075 4517 quis
1095 4444 1277 4502 contendat?
