<?xml version="1.0" encoding="UTF-8"?>
<!DOCTYPE html PUBLIC "-//W3C//DTD XHTML 1.0 Transitional//EN"
    "http://www.w3.org/TR/xhtml1/DTD/xhtml1-transitional.dtd">
<html xmlns="http://www.w3.org/1999/xhtml" xml:lang="en" lang="en">
 <head>
  <title>
</title>
<meta http-equiv="Content-Type" content="text/html;charset=utf-8" />
  <meta name='ocr-system' content='tesseract 3.04.00' />
  <meta name='ocr-capabilities' content='ocr_page ocr_carea ocr_par ocr_line ocrx_word'/>
</head>
<body>
  <div class='ocr_page' id='page_1' title='image "./deporphyriophil00hausgoog_0010.png"; bbox 0 0 3060 5086; ppageno 0'>
   <div class='ocr_carea' id='block_1_1' title="bbox 695 279 852 332">
    <p class='ocr_par' dir='ltr' id='par_1_1' title="bbox 695 279 852 332">
     <span class='ocr_line' id='line_1_1' title="bbox 695 279 852 332; baseline 0 -15"><span class='ocrx_word' id='word_1_1' title='bbox 695 279 852 332; x_wconf 77' lang='lat'><strong>-5..</strong></span> 
     </span>
    </p>
   </div>
   <div class='ocr_carea' id='block_1_2' title="bbox 187 443 1358 1508">
    <p class='ocr_par' dir='ltr' id='par_1_2' title="bbox 187 443 1356 757">
     <span class='ocr_line' id='line_1_2' title="bbox 188 443 1355 543; baseline 0.003 -21"><span class='ocrx_word' id='word_1_2' title='bbox 188 457 383 524; x_wconf 79' lang='lat' dir='ltr'><strong>Graecitatis</strong></span> <span class='ocrx_word' id='word_1_3' title='bbox 406 446 559 541; x_wconf 79' lang='lat' dir='ltr'>linguam,</span> <span class='ocrx_word' id='word_1_4' title='bbox 586 477 680 540; x_wconf 91' lang='lat' dir='ltr'>quam</span> <span class='ocrx_word' id='word_1_5' title='bbox 699 456 816 523; x_wconf 79' lang='lat' dir='ltr'>&#39;dieunt</span> <span class='ocrx_word' id='word_1_6' title='bbox 841 459 962 540; x_wconf 89' lang='grc' dir='ltr'>κοινήν,</span> <span class='ocrx_word' id='word_1_7' title='bbox 992 459 1150 543; x_wconf 88' lang='lat' dir='ltr'>permulta</span> <span class='ocrx_word' id='word_1_8' title='bbox 1173 480 1191 524; x_wconf 92' lang='lat' dir='ltr'>e</span> <span class='ocrx_word' id='word_1_9' title='bbox 1215 443 1355 532; x_wconf 84' lang='lat' dir='ltr'>dialeoto</span> 
     </span>
     <span class='ocr_line' id='line_1_3' title="bbox 187 564 1356 651; baseline 0 -19"><span class='ocrx_word' id='word_1_10' title='bbox 187 565 302 632; x_wconf 89' lang='lat' dir='ltr'>Jonioa</span> <span class='ocrx_word' id='word_1_11' title='bbox 334 566 507 650; x_wconf 83' lang='lat' dir='ltr'>sumpsisse</span> <span class='ocrx_word' id='word_1_12' title='bbox 541 570 637 647; x_wconf 88' lang='lat' dir='ltr'>atque</span> <span class='ocrx_word' id='word_1_13' title='bbox 671 564 747 630; x_wconf 88' lang='lat' dir='ltr'>inde</span> <span class='ocrx_word' id='word_1_14' title='bbox 778 564 862 630; x_wconf 93' lang='lat' dir='ltr'>haud</span> <span class='ocrx_word' id='word_1_15' title='bbox 896 586 999 651; x_wconf 87' lang='lat' dir='ltr'>pauca</span> <span class='ocrx_word' id='word_1_16' title='bbox 1027 568 1060 638; x_wconf 86' lang='lat' dir='ltr'>iu</span> <span class='ocrx_word' id='word_1_17' title='bbox 1094 587 1184 632; x_wconf 89' lang='lat' dir='ltr'>usum</span> <span class='ocrx_word' id='word_1_18' title='bbox 1217 569 1356 634; x_wconf 91' lang='lat' dir='ltr'>omnium</span> 
     </span>
     <span class='ocr_line' id='line_1_4' title="bbox 187 673 792 757; baseline -0.003 -19"><span class='ocrx_word' id='word_1_19' title='bbox 187 673 313 739; x_wconf 89' lang='lat' dir='ltr'>serioris</span> <span class='ocrx_word' id='word_1_20' title='bbox 337 673 409 738; x_wconf 89' lang='lat' dir='ltr'>aevi</span> <span class='ocrx_word' id='word_1_21' title='bbox 433 674 624 757; x_wconf 78' lang='lat' dir='ltr'>scriptorum</span> <span class='ocrx_word' id='word_1_22' title='bbox 647 673 792 739; x_wconf 81' lang='lat' dir='ltr'>fluxisse.</span> 
     </span>
    </p>

    <p class='ocr_par' dir='ltr' id='par_1_3' title="bbox 187 778 1358 1508">
     <span class='ocr_line' id='line_1_5' title="bbox 295 778 1354 863; baseline 0.002 -19"><span class='ocrx_word' id='word_1_23' title='bbox 295 780 337 844; x_wconf 87' lang='lat' dir='ltr'>At</span> <span class='ocrx_word' id='word_1_24' title='bbox 363 786 449 844; x_wconf 90' lang='lat' dir='ltr'>oerte</span> <span class='ocrx_word' id='word_1_25' title='bbox 473 800 535 845; x_wconf 91' lang='lat' dir='ltr'>non</span> <span class='ocrx_word' id='word_1_26' title='bbox 560 778 692 845; x_wconf 89' lang='lat' dir='ltr'>orientis</span> <span class='ocrx_word' id='word_1_27' title='bbox 708 780 866 863; x_wconf 85' lang='lat' dir='ltr'>regiones,</span> <span class='ocrx_word' id='word_1_28' title='bbox 891 779 948 846; x_wconf 87' lang='lat' dir='ltr'>sed</span> <span class='ocrx_word' id='word_1_29' title='bbox 963 780 1070 846; x_wconf 84' lang='lat' dir='ltr'>Asiam</span> <span class='ocrx_word' id='word_1_30' title='bbox 1089 781 1139 847; x_wconf 91' lang='lat' dir='ltr'>vel</span> <span class='ocrx_word' id='word_1_31' title='bbox 1155 783 1354 848; x_wconf 83' lang='lat' dir='ltr'>vicinitatem</span> 
     </span>
     <span class='ocr_line' id='line_1_6' title="bbox 188 887 1355 973; baseline 0.002 -21"><span class='ocrx_word' id='word_1_32' title='bbox 188 888 282 952; x_wconf 87' lang='lat' dir='ltr'>aulae</span> <span class='ocrx_word' id='word_1_33' title='bbox 322 887 407 953; x_wconf 91' lang='lat' dir='ltr'>illius</span> <span class='ocrx_word' id='word_1_34' title='bbox 443 887 622 953; x_wconf 82' lang='lat' dir='ltr'>Caesareae</span> <span class='ocrx_word' id='word_1_35' title='bbox 658 887 1033 972; x_wconf 79' lang='lat' dir='ltr'>Constantinopolitanae</span> <span class='ocrx_word' id='word_1_36' title='bbox 1072 889 1157 973; x_wconf 88' lang='lat' dir='ltr'>sapit</span> <span class='ocrx_word' id='word_1_37' title='bbox 1193 889 1355 971; x_wconf 87' lang='lat' dir='ltr'>quoddam</span> 
     </span>
     <span class='ocr_line' id='line_1_7' title="bbox 187 993 1357 1080; baseline 0.002 -21"><span class='ocrx_word' id='word_1_38' title='bbox 187 993 328 1060; x_wconf 89' lang='lat' dir='ltr'>studium</span> <span class='ocrx_word' id='word_1_39' title='bbox 353 1013 424 1059; x_wconf 91' lang='lat' dir='ltr'>oum</span> <span class='ocrx_word' id='word_1_40' title='bbox 447 993 663 1060; x_wconf 87' lang='lat' dir='ltr'>Romanarum</span> <span class='ocrx_word' id='word_1_41' title='bbox 693 1014 798 1060; x_wconf 89' lang='lat' dir='ltr'>rerum</span> <span class='ocrx_word' id='word_1_42' title='bbox 827 1001 893 1060; x_wconf 93' lang='lat' dir='ltr'>tum</span> <span class='ocrx_word' id='word_1_43' title='bbox 923 995 1054 1078; x_wconf 83' lang='lat' dir='ltr'>linguae</span> <span class='ocrx_word' id='word_1_44' title='bbox 1084 997 1231 1079; x_wconf 87' lang='lat' dir='ltr'>Latinae,</span> <span class='ocrx_word' id='word_1_45' title='bbox 1262 1017 1357 1080; x_wconf 88' lang='lat' dir='ltr'>quam</span> 
     </span>
     <span class='ocr_line' id='line_1_8' title="bbox 187 1100 1357 1189; baseline 0.001 -22"><span class='ocrx_word' id='word_1_46' title='bbox 187 1101 269 1167; x_wconf 91' lang='lat' dir='ltr'>adeo</span> <span class='ocrx_word' id='word_1_47' title='bbox 302 1101 431 1167; x_wconf 87' lang='lat' dir='ltr'>videtur</span> <span class='ocrx_word' id='word_1_48' title='bbox 460 1102 619 1168; x_wconf 81' lang='lat' dir='ltr'>Macarius</span> <span class='ocrx_word' id='word_1_49' title='bbox 651 1100 829 1186; x_wconf 86' lang='lat' dir='ltr'>adamasse,</span> <span class='ocrx_word' id='word_1_50' title='bbox 863 1109 898 1166; x_wconf 90' lang='lat' dir='ltr'>ut</span> <span class='ocrx_word' id='word_1_51' title='bbox 929 1123 960 1187; x_wconf 91' lang='lat' dir='ltr'>p.</span> <span class='ocrx_word' id='word_1_52' title='bbox 985 1103 1057 1184; x_wconf 89' lang='grc'><strong>109,</strong></span> <span class='ocrx_word' id='word_1_53' title='bbox 1081 1104 1125 1168; x_wconf 92' lang='grc'><strong>30</strong></span> <span class='ocrx_word' id='word_1_54' title='bbox 1159 1102 1357 1189; x_wconf 89' lang='lat' dir='ltr'>Cyprianum</span> 
     </span>
     <span class='ocr_line' id='line_1_9' title="bbox 187 1209 1358 1302; baseline 0.002 -28"><span class='ocrx_word' id='word_1_55' title='bbox 187 1211 373 1294; x_wconf 78' lang='lat' dir='ltr'>episcopum</span> <span class='ocrx_word' id='word_1_56' title='bbox 406 1209 494 1275; x_wconf 86' lang='lat' dir='ltr'>dieat</span> <span class='ocrx_word' id='word_1_57' title='bbox 527 1209 762 1289; x_wconf 86' lang='grc' dir='ltr'>Χαρταγιναίον</span> <span class='ocrx_word' id='word_1_58' title='bbox 775 1299 777 1302; x_wconf 73' lang='lat'>.</span> <span class='ocrx_word' id='word_1_59' title='bbox 791 1210 840 1275; x_wconf 88' lang='lat' dir='ltr'>vel</span> <span class='ocrx_word' id='word_1_60' title='bbox 872 1211 1106 1289; x_wconf 86' lang='grc' dir='ltr'>Καρθαγιναῐον</span> <span class='ocrx_word' id='word_1_61' title='bbox 1139 1214 1187 1292; x_wconf 87' lang='lat' dir='ltr'>(ut</span> <span class='ocrx_word' id='word_1_62' title='bbox 1216 1210 1358 1277; x_wconf 79' lang='lat' dir='ltr'>editores</span> 
     </span>
     <span class='ocr_line' id='line_1_10' title="bbox 187 1316 1356 1402; baseline 0.001 -20"><span class='ocrx_word' id='word_1_63' title='bbox 187 1319 395 1402; x_wconf 87' lang='lat' dir='ltr'>seripserunt)</span> <span class='ocrx_word' id='word_1_64' title='bbox 431 1318 558 1383; x_wconf 91' lang='lat' dir='ltr'>nomine</span> <span class='ocrx_word' id='word_1_65' title='bbox 594 1323 680 1382; x_wconf 90' lang='lat' dir='ltr'>oerte</span> <span class='ocrx_word' id='word_1_66' title='bbox 713 1317 841 1399; x_wconf 89' lang='lat' dir='ltr'>Latino,</span> <span class='ocrx_word' id='word_1_67' title='bbox 878 1316 964 1400; x_wconf 91' lang='lat' dir='ltr'>quod</span> <span class='ocrx_word' id='word_1_68' title='bbox 999 1338 1166 1400; x_wconf 90' lang='lat' dir='ltr'>nusquam,</span> <span class='ocrx_word' id='word_1_69' title='bbox 1203 1325 1356 1402; x_wconf 89' lang='lat' dir='ltr'>quantum</span> 
     </span>
     <span class='ocr_line' id='line_1_11' title="bbox 187 1423 1357 1508; baseline 0.002 -19"><span class='ocrx_word' id='word_1_70' title='bbox 187 1423 293 1508; x_wconf 87' lang='lat' dir='ltr'>video,</span> <span class='ocrx_word' id='word_1_71' title='bbox 327 1425 359 1488; x_wconf 93' lang='lat' dir='ltr'>in</span> <span class='ocrx_word' id='word_1_72' title='bbox 389 1423 478 1489; x_wconf 89' lang='lat' dir='ltr'>libris</span> <span class='ocrx_word' id='word_1_73' title='bbox 509 1425 642 1489; x_wconf 83' lang='lat' dir='ltr'>Graecis</span> <span class='ocrx_word' id='word_1_74' title='bbox 675 1424 835 1507; x_wconf 82' lang='lat' dir='ltr'>legitur1).</span> <span class='ocrx_word' id='word_1_75' title='bbox 884 1425 995 1490; x_wconf 80' lang='lat' dir='ltr'>Talem</span> <span class='ocrx_word' id='word_1_76' title='bbox 1030 1432 1137 1490; x_wconf 89' lang='lat' dir='ltr'>autem</span> <span class='ocrx_word' id='word_1_77' title='bbox 1170 1425 1357 1492; x_wconf 90' lang='lat' dir='ltr'>Latinitatis</span> 
     </span>
    </p>
   </div>
   <div class='ocr_carea' id='block_1_3' title="bbox 165 1675 1402 4521">
    <p class='ocr_par' dir='ltr' id='par_1_4' title="bbox 186 1675 1359 1924">
     <span class='ocr_line' id='line_1_12' title="bbox 187 1675 1358 1745; baseline 0.001 -15"><span class='ocrx_word' id='word_1_78' title='bbox 187 1675 241 1730; x_wconf 86' lang='lat' dir='ltr'>sed</span> <span class='ocrx_word' id='word_1_79' title='bbox 260 1675 291 1729; x_wconf 91' lang='lat' dir='ltr'>id</span> <span class='ocrx_word' id='word_1_80' title='bbox 312 1675 433 1745; x_wconf 85' lang='lat' dir='ltr'>quidem</span> <span class='ocrx_word' id='word_1_81' title='bbox 454 1679 578 1745; x_wconf 86' lang='lat' dir='ltr'>propter</span> <span class='ocrx_word' id='word_1_82' title='bbox 602 1675 777 1728; x_wconf 85' lang='lat' dir='ltr'>adiunctam</span> <span class='ocrx_word' id='word_1_83' title='bbox 796 1675 900 1730; x_wconf 78' lang='lat' dir='ltr'>vodem</span> <span class='ocrx_word' id='word_1_84' title='bbox 919 1678 1009 1742; x_wconf 82' lang='grc' dir='ltr'>ληίοις</span> <span class='ocrx_word' id='word_1_85' title='bbox 1028 1677 1156 1730; x_wconf 83' lang='lat' dir='ltr'>fortasse</span> <span class='ocrx_word' id='word_1_86' title='bbox 1176 1691 1215 1730; x_wconf 86' lang='lat' dir='ltr'>ex</span> <span class='ocrx_word' id='word_1_87' title='bbox 1235 1676 1358 1731; x_wconf 91' lang='lat' dir='ltr'>Homeri</span> 
     </span>
     <span class='ocr_line' id='line_1_13' title="bbox 186 1764 1359 1834; baseline 0.002 -16"><span class='ocrx_word' id='word_1_88' title='bbox 186 1765 330 1820; x_wconf 90' lang='lat' dir='ltr'>memoria</span> <span class='ocrx_word' id='word_1_89' title='bbox 350 1766 482 1820; x_wconf 90' lang='lat' dir='ltr'>allatum.</span> <span class='ocrx_word' id='word_1_90' title='bbox 502 1794 535 1803; x_wconf 97' lang='lat'>-</span> <span class='ocrx_word' id='word_1_91' title='bbox 555 1765 718 1819; x_wconf 85' lang='lat' dir='ltr'>Praeterea</span> <span class='ocrx_word' id='word_1_92' title='bbox 736 1764 811 1818; x_wconf 83' lang='lat' dir='ltr'>haee</span> <span class='ocrx_word' id='word_1_93' title='bbox 825 1765 983 1832; x_wconf 86' lang='lat' dir='ltr'>voeabula,</span> <span class='ocrx_word' id='word_1_94' title='bbox 1005 1779 1084 1834; x_wconf 88' lang='lat' dir='ltr'>quae</span> <span class='ocrx_word' id='word_1_95' title='bbox 1098 1766 1266 1820; x_wconf 86' lang='lat' dir='ltr'>testimonio</span> <span class='ocrx_word' id='word_1_96' title='bbox 1287 1766 1359 1820; x_wconf 85' lang='lat' dir='ltr'>lexi-</span> 
     </span>
     <span class='ocr_line' id='line_1_14' title="bbox 187 1853 1359 1924; baseline 0.002 -17"><span class='ocrx_word' id='word_1_97' title='bbox 187 1869 291 1908; x_wconf 87' lang='lat' dir='ltr'>oorum</span> <span class='ocrx_word' id='word_1_98' title='bbox 315 1854 458 1910; x_wconf 90' lang='lat' dir='ltr'>videntur</span> <span class='ocrx_word' id='word_1_99' title='bbox 481 1870 547 1910; x_wconf 91' lang='lat' dir='ltr'>esse</span> <span class='ocrx_word' id='word_1_100' title='bbox 566 1854 685 1909; x_wconf 84' lang='lat' dir='ltr'>Ionica:</span> <span class='ocrx_word' id='word_1_101' title='bbox 714 1855 837 1920; x_wconf 84' lang='grc' dir='ltr'>ἄσταχυς</span> <span class='ocrx_word' id='word_1_102' title='bbox 856 1871 910 1924; x_wconf 92' lang='lat' dir='ltr'>pro</span> <span class='ocrx_word' id='word_1_103' title='bbox 934 1855 1038 1920; x_wconf 85' lang='grc' dir='ltr'>στάχυς</span> <span class='ocrx_word' id='word_1_104' title='bbox 1058 1855 1129 1923; x_wconf 89' lang='grc'><strong>(171,</strong></span> <span class='ocrx_word' id='word_1_105' title='bbox 1149 1853 1204 1922; x_wconf 92' lang='grc'><strong>20),</strong></span> <span class='ocrx_word' id='word_1_106' title='bbox 1234 1855 1359 1921; x_wconf 84' lang='grc' dir='ltr'>ἀοίδιμος</span> 
     </span>
    </p>

    <p class='ocr_par' dir='ltr' id='par_1_5' title="bbox 165 1943 1359 2370">
     <span class='ocr_line' id='line_1_15' title="bbox 165 1943 1359 2014; baseline 0 -16"><span class='ocrx_word' id='word_1_107' title='bbox 165 1945 295 2014; x_wconf 89' lang='lat' dir='ltr'>passim</span> <span class='ocrx_word' id='word_1_108' title='bbox 321 1944 357 2011; x_wconf 82' lang='lat'>(1,</span> <span class='ocrx_word' id='word_1_109' title='bbox 373 1943 402 2011; x_wconf 75' lang='lat'>63</span> <span class='ocrx_word' id='word_1_110' title='bbox 422 1945 464 2012; x_wconf 93' lang='grc'><strong>64,</strong></span> <span class='ocrx_word' id='word_1_111' title='bbox 477 1943 525 2012; x_wconf 73' lang='grc'>21,</span> <span class='ocrx_word' id='word_1_112' title='bbox 544 1945 587 2012; x_wconf 95' lang='grc'><strong>82,</strong></span> <span class='ocrx_word' id='word_1_113' title='bbox 601 1944 635 1999; x_wconf 88' lang='grc'>31</span> <span class='ocrx_word' id='word_1_114' title='bbox 656 1943 714 2012; x_wconf 87' lang='lat' dir='ltr'>al),</span> <span class='ocrx_word' id='word_1_115' title='bbox 744 1945 821 2010; x_wconf 88' lang='grc' dir='ltr'>δὲμω</span> <span class='ocrx_word' id='word_1_116' title='bbox 841 1944 922 2011; x_wconf 89' lang='grc'><strong>(83,1</strong></span> <span class='ocrx_word' id='word_1_117' title='bbox 946 1949 975 1999; x_wconf 91' lang='lat' dir='ltr'>et</span> <span class='ocrx_word' id='word_1_118' title='bbox 995 1945 1055 2012; x_wconf 96' lang='grc'><strong>187,</strong></span> <span class='ocrx_word' id='word_1_119' title='bbox 1069 1945 1124 2012; x_wconf 90' lang='grc'><strong>28),</strong></span> <span class='ocrx_word' id='word_1_120' title='bbox 1153 1947 1234 2011; x_wconf 85' lang='grc' dir='ltr'>δῶμα</span> <span class='ocrx_word' id='word_1_121' title='bbox 1254 1945 1359 2012; x_wconf 82' lang='lat' dir='ltr'>(ibid),</span> 
     </span>
     <span class='ocr_line' id='line_1_16' title="bbox 187 2033 1358 2106; baseline 0 -18"><span class='ocrx_word' id='word_1_122' title='bbox 187 2033 269 2102; x_wconf 89' lang='lat' dir='ltr'>qnod</span> <span class='ocrx_word' id='word_1_123' title='bbox 288 2038 408 2103; x_wconf 87' lang='lat' dir='ltr'>praeter</span> <span class='ocrx_word' id='word_1_124' title='bbox 427 2039 533 2103; x_wconf 89' lang='lat' dir='ltr'>poetas</span> <span class='ocrx_word' id='word_1_125' title='bbox 554 2048 633 2088; x_wconf 90' lang='lat' dir='ltr'>uuus</span> <span class='ocrx_word' id='word_1_126' title='bbox 653 2034 744 2088; x_wconf 89' lang='lat' dir='ltr'>habet</span> <span class='ocrx_word' id='word_1_127' title='bbox 754 2033 937 2103; x_wconf 92' lang='lat' dir='ltr'>Herodotus,</span> <span class='ocrx_word' id='word_1_128' title='bbox 957 2034 1060 2100; x_wconf 84' lang='grc' dir='ltr'>θεσμός</span> <span class='ocrx_word' id='word_1_129' title='bbox 1079 2034 1151 2102; x_wconf 95' lang='grc'><strong>(164,</strong></span> <span class='ocrx_word' id='word_1_130' title='bbox 1165 2035 1211 2103; x_wconf 93' lang='grc'>20)</span> <span class='ocrx_word' id='word_1_131' title='bbox 1233 2036 1358 2106; x_wconf 81' lang='lat' dir='ltr'>,postia</span> 
     </span>
     <span class='ocr_line' id='line_1_17' title="bbox 189 2120 1359 2193; baseline 0 -16"><span class='ocrx_word' id='word_1_132' title='bbox 189 2128 218 2177; x_wconf 88' lang='lat' dir='ltr'>et</span> <span class='ocrx_word' id='word_1_133' title='bbox 230 2120 346 2192; x_wconf 86' lang='lat' dir='ltr'>ionio.“,</span> <span class='ocrx_word' id='word_1_134' title='bbox 366 2124 450 2188; x_wconf 89' lang='grc' dir='ltr'>κάλος</span> <span class='ocrx_word' id='word_1_135' title='bbox 460 2139 514 2193; x_wconf 95' lang='lat' dir='ltr'>pro</span> <span class='ocrx_word' id='word_1_136' title='bbox 526 2124 619 2187; x_wconf 85' lang='grc' dir='ltr'>κάλως</span> <span class='ocrx_word' id='word_1_137' title='bbox 633 2123 685 2190; x_wconf 89' lang='grc'><strong>(40,</strong></span> <span class='ocrx_word' id='word_1_138' title='bbox 699 2123 751 2190; x_wconf 91' lang='grc'><strong>18),</strong></span> <span class='ocrx_word' id='word_1_139' title='bbox 771 2123 897 2187; x_wconf 87' lang='grc' dir='ltr'>κολωνός</span> <span class='ocrx_word' id='word_1_140' title='bbox 908 2139 961 2193; x_wconf 92' lang='lat' dir='ltr'>pro</span> <span class='ocrx_word' id='word_1_141' title='bbox 972 2124 1083 2191; x_wconf 80' lang='grc' dir='ltr'>κολώνη</span> <span class='ocrx_word' id='word_1_142' title='bbox 1097 2123 1218 2192; x_wconf 91' lang='grc'><strong>(41,12),</strong></span> <span class='ocrx_word' id='word_1_143' title='bbox 1238 2124 1359 2190; x_wconf 89' lang='grc' dir='ltr'>μνάομαι</span> 
     </span>
     <span class='ocr_line' id='line_1_18' title="bbox 186 2212 1358 2282; baseline 0 -16"><span class='ocrx_word' id='word_1_144' title='bbox 186 2213 323 2281; x_wconf 83' lang='lat' dir='ltr'>generali</span> <span class='ocrx_word' id='word_1_145' title='bbox 348 2227 439 2266; x_wconf 90' lang='lat' dir='ltr'>sensu</span> <span class='ocrx_word' id='word_1_146' title='bbox 463 2213 594 2282; x_wconf 86' lang='lat' dir='ltr'>petendi,</span> <span class='ocrx_word' id='word_1_147' title='bbox 623 2212 779 2265; x_wconf 90' lang='lat' dir='ltr'>ambiundi</span> <span class='ocrx_word' id='word_1_148' title='bbox 806 2212 925 2278; x_wconf 73' lang='grc'><strong>(20817</strong></span> <span class='ocrx_word' id='word_1_149' title='bbox 951 2219 981 2267; x_wconf 87' lang='lat' dir='ltr'>et</span> <span class='ocrx_word' id='word_1_150' title='bbox 1004 2213 1065 2282; x_wconf 88' lang='grc'><strong>226,</strong></span> <span class='ocrx_word' id='word_1_151' title='bbox 1079 2213 1112 2266; x_wconf 89' lang='grc'>21</span> <span class='ocrx_word' id='word_1_152' title='bbox 1139 2213 1358 2282; x_wconf 89' lang='grc' dir='ltr'>(προμνάομαι)),</span> 
     </span>
     <span class='ocr_line' id='line_1_19' title="bbox 186 2301 921 2370; baseline 0 -15"><span class='ocrx_word' id='word_1_153' title='bbox 186 2303 267 2356; x_wconf 67' lang='lat' dir='ltr'>mous</span> <span class='ocrx_word' id='word_1_154' title='bbox 286 2301 425 2368; x_wconf 85' lang='grc'><strong>(171,13),</strong></span> <span class='ocrx_word' id='word_1_155' title='bbox 445 2307 521 2365; x_wconf 86' lang='grc' dir='ltr'>σιίιος</span> <span class='ocrx_word' id='word_1_156' title='bbox 540 2301 613 2370; x_wconf 85' lang='grc'><strong>(180,</strong></span> <span class='ocrx_word' id='word_1_157' title='bbox 627 2301 662 2370; x_wconf 86' lang='grc'><strong>7),</strong></span> <span class='ocrx_word' id='word_1_158' title='bbox 683 2303 797 2366; x_wconf 88' lang='grc' dir='ltr'>ψάμμος</span> <span class='ocrx_word' id='word_1_159' title='bbox 817 2301 921 2370; x_wconf 86' lang='grc'><strong>(4,13).</strong></span> 
     </span>
    </p>

    <p class='ocr_par' dir='ltr' id='par_1_6' title="bbox 185 2388 1377 2729">
     <span class='ocr_line' id='line_1_20' title="bbox 295 2388 1359 2460; baseline 0.003 -17"><span class='ocrx_word' id='word_1_160' title='bbox 295 2390 319 2452; x_wconf 92' lang='grc'><strong>1)</strong></span> <span class='ocrx_word' id='word_1_161' title='bbox 340 2388 514 2458; x_wconf 82' lang='lat' dir='ltr'>Gregorius,</span> <span class='ocrx_word' id='word_1_162' title='bbox 529 2396 562 2444; x_wconf 92' lang='lat' dir='ltr'>ut</span> <span class='ocrx_word' id='word_1_163' title='bbox 576 2390 747 2458; x_wconf 87' lang='lat' dir='ltr'>exemplum</span> <span class='ocrx_word' id='word_1_164' title='bbox 762 2392 896 2456; x_wconf 79' lang='lat' dir='ltr'>afferam,</span> <span class='ocrx_word' id='word_1_165' title='bbox 911 2390 1130 2460; x_wconf 81' lang='lat' dir='ltr'>Nazianzenus,</span> <span class='ocrx_word' id='word_1_166' title='bbox 1144 2392 1280 2460; x_wconf 88' lang='lat' dir='ltr'>aequalis</span> <span class='ocrx_word' id='word_1_167' title='bbox 1294 2393 1359 2446; x_wconf 87' lang='lat' dir='ltr'>fere</span> 
     </span>
     <span class='ocr_line' id='line_1_21' title="bbox 185 2477 1359 2548; baseline 0 -14"><span class='ocrx_word' id='word_1_168' title='bbox 185 2481 280 2535; x_wconf 89' lang='lat' dir='ltr'>nostri</span> <span class='ocrx_word' id='word_1_169' title='bbox 300 2480 461 2548; x_wconf 83' lang='lat' dir='ltr'>scriptoris,</span> <span class='ocrx_word' id='word_1_170' title='bbox 482 2478 520 2532; x_wconf 88' lang='lat' dir='ltr'>de</span> <span class='ocrx_word' id='word_1_171' title='bbox 541 2479 647 2532; x_wconf 92' lang='lat' dir='ltr'>eodem</span> <span class='ocrx_word' id='word_1_172' title='bbox 659 2478 811 2546; x_wconf 73' lang='lat' dir='ltr'>,episeopo</span> <span class='ocrx_word' id='word_1_173' title='bbox 826 2477 1119 2548; x_wconf 81' lang='lat' dir='ltr'>Carthaginiensium</span> <span class='ocrx_word' id='word_1_174' title='bbox 1137 2480 1220 2534; x_wconf 81' lang='lat' dir='ltr'>dicit:</span> <span class='ocrx_word' id='word_1_175' title='bbox 1242 2481 1359 2548; x_wconf 87' lang='grc' dir='ltr'>Κυπρια·</span> 
     </span>
     <span class='ocr_line' id='line_1_22' title="bbox 185 2566 1359 2638; baseline 0.002 -15"><span class='ocrx_word' id='word_1_176' title='bbox 185 2571 234 2635; x_wconf 91' lang='grc' dir='ltr'>νός</span> <span class='ocrx_word' id='word_1_177' title='bbox 321 2576 372 2634; x_wconf 77' lang='grc' dir='ltr'>τῆς</span> <span class='ocrx_word' id='word_1_178' title='bbox 392 2566 652 2636; x_wconf 78' lang='grc' dir='ltr'>Καρχηδονίων</span> <span class='ocrx_word' id='word_1_179' title='bbox 670 2569 872 2634; x_wconf 74' lang='grc' dir='ltr'>προκαθέζεται</span> <span class='ocrx_word' id='word_1_180' title='bbox 893 2606 940 2621; x_wconf 91' lang='grc'>...</span> <span class='ocrx_word' id='word_1_181' title='bbox 960 2567 1107 2634; x_wconf 83' lang='grc' dir='ltr'>ἐκκλησίας</span> <span class='ocrx_word' id='word_1_182' title='bbox 1127 2572 1166 2638; x_wconf 87' lang='grc' dir='ltr'>(ρ,</span> <span class='ocrx_word' id='word_1_183' title='bbox 1179 2568 1268 2623; x_wconf 88' lang='grc' dir='ltr'><strong>445Α</strong></span> <span class='ocrx_word' id='word_1_184' title='bbox 1289 2569 1359 2625; x_wconf 86' lang='lat' dir='ltr'>edit.</span> 
     </span>
     <span class='ocr_line' id='line_1_23' title="bbox 186 2656 1377 2729; baseline -0.007 -17"><span class='ocrx_word' id='word_1_185' title='bbox 186 2659 313 2714; x_wconf 85' lang='lat' dir='ltr'>Maurin.</span> <span class='ocrx_word' id='word_1_186' title='bbox 334 2675 434 2729; x_wconf 89' lang='lat' dir='ltr'>neque</span> <span class='ocrx_word' id='word_1_187' title='bbox 454 2659 542 2714; x_wconf 86' lang='lat' dir='ltr'>aliter</span> <span class='ocrx_word' id='word_1_188' title='bbox 560 2673 588 2727; x_wconf 89' lang='lat' dir='ltr'>p.</span> <span class='ocrx_word' id='word_1_189' title='bbox 602 2657 656 2711; x_wconf 88' lang='grc'>440</span> <span class='ocrx_word' id='word_1_190' title='bbox 671 2656 713 2724; x_wconf 88' lang='lat' dir='ltr'>D).</span> <span class='ocrx_word' id='word_1_191' title='bbox 1374 2671 1377 2678; x_wconf 67' lang='lat'>¹</span> 
     </span>
    </p>

    <p class='ocr_par' dir='ltr' id='par_1_7' title="bbox 185 2746 1402 4521">
     <span class='ocr_line' id='line_1_24' title="bbox 292 2746 1358 2816; baseline 0 -14"><span class='ocrx_word' id='word_1_192' title='bbox 292 2748 444 2803; x_wconf 86' lang='lat' dir='ltr'>ELatinis</span> <span class='ocrx_word' id='word_1_193' title='bbox 464 2754 566 2802; x_wconf 90' lang='lat' dir='ltr'>autern</span> <span class='ocrx_word' id='word_1_194' title='bbox 585 2748 694 2816; x_wconf 88' lang='lat' dir='ltr'>verbis,</span> <span class='ocrx_word' id='word_1_195' title='bbox 716 2761 795 2816; x_wconf 88' lang='lat' dir='ltr'>quae</span> <span class='ocrx_word' id='word_1_196' title='bbox 815 2746 944 2816; x_wconf 84' lang='lat' dir='ltr'>legimus</span> <span class='ocrx_word' id='word_1_197' title='bbox 964 2746 1047 2816; x_wconf 89' lang='lat' dir='ltr'>apud</span> <span class='ocrx_word' id='word_1_198' title='bbox 1067 2746 1239 2816; x_wconf 81' lang='lat' dir='ltr'>Macarium,</span> <span class='ocrx_word' id='word_1_199' title='bbox 1260 2749 1358 2802; x_wconf 91' lang='lat' dir='ltr'>minus</span> 
     </span>
     <span class='ocr_line' id='line_1_25' title="bbox 187 2834 1358 2908; baseline -0.002 -16"><span class='ocrx_word' id='word_1_200' title='bbox 187 2853 223 2892; x_wconf 93' lang='lat' dir='ltr'>ea</span> <span class='ocrx_word' id='word_1_201' title='bbox 243 2838 353 2906; x_wconf 90' lang='lat' dir='ltr'>valent,</span> <span class='ocrx_word' id='word_1_202' title='bbox 374 2853 452 2908; x_wconf 89' lang='lat' dir='ltr'>quae</span> <span class='ocrx_word' id='word_1_203' title='bbox 471 2854 534 2892; x_wconf 91' lang='lat' dir='ltr'>nna</span> <span class='ocrx_word' id='word_1_204' title='bbox 554 2852 621 2892; x_wconf 88' lang='lat' dir='ltr'>eum</span> <span class='ocrx_word' id='word_1_205' title='bbox 641 2838 732 2892; x_wconf 87' lang='lat' dir='ltr'>rebus</span> <span class='ocrx_word' id='word_1_206' title='bbox 746 2837 927 2906; x_wconf 79' lang='lat' dir='ltr'>significatis</span> <span class='ocrx_word' id='word_1_207' title='bbox 941 2853 958 2890; x_wconf 92' lang='lat' dir='ltr'>a</span> <span class='ocrx_word' id='word_1_208' title='bbox 973 2834 1097 2893; x_wconf 80' lang='lat' dir='ltr'>Graecis</span> <span class='ocrx_word' id='word_1_209' title='bbox 1111 2842 1234 2908; x_wconf 83' lang='lat' dir='ltr'>recepta</span> <span class='ocrx_word' id='word_1_210' title='bbox 1248 2839 1358 2908; x_wconf 87' lang='lat' dir='ltr'>passim</span> 
     </span>
     <span class='ocr_line' id='line_1_26' title="bbox 186 2925 1359 2997; baseline 0 -17"><span class='ocrx_word' id='word_1_211' title='bbox 186 2929 216 2981; x_wconf 94' lang='lat' dir='ltr'>in</span> <span class='ocrx_word' id='word_1_212' title='bbox 237 2925 429 2984; x_wconf 82' lang='lat' dir='ltr'>eius&#39;aetatis</span> <span class='ocrx_word' id='word_1_213' title='bbox 448 2929 532 2983; x_wconf 89' lang='lat' dir='ltr'>libris</span> <span class='ocrx_word' id='word_1_214' title='bbox 550 2933 579 2983; x_wconf 90' lang='lat' dir='ltr'>et</span> <span class='ocrx_word' id='word_1_215' title='bbox 599 2929 658 2981; x_wconf 89' lang='lat' dir='ltr'>iam</span> <span class='ocrx_word' id='word_1_216' title='bbox 675 2928 706 2980; x_wconf 87' lang='grc' dir='ltr'>ίιι</span> <span class='ocrx_word' id='word_1_217' title='bbox 726 2942 747 2980; x_wconf 90' lang='lat' dir='ltr'>s.</span> <span class='ocrx_word' id='word_1_218' title='bbox 763 2925 913 2995; x_wconf 83' lang='lat' dir='ltr'>scriptura</span> <span class='ocrx_word' id='word_1_219' title='bbox 927 2928 1050 2997; x_wconf 88' lang='lat' dir='ltr'>saepius</span> <span class='ocrx_word' id='word_1_220' title='bbox 1063 2929 1262 2982; x_wconf 88' lang='lat' dir='ltr'>inveniuntur</span> <span class='ocrx_word' id='word_1_221' title='bbox 1275 2927 1359 2981; x_wconf 86' lang='lat' dir='ltr'>velut</span> 
     </span>
     <span class='ocr_line' id='line_1_27' title="bbox 185 3014 1358 3088; baseline -0.002 -16"><span class='ocrx_word' id='word_1_222' title='bbox 185 3019 292 3083; x_wconf 84' lang='grc' dir='ltr'>λεγειίιν</span> <span class='ocrx_word' id='word_1_223' title='bbox 313 3019 366 3086; x_wconf 92' lang='grc'><strong>(77,</strong></span> <span class='ocrx_word' id='word_1_224' title='bbox 379 3019 422 3073; x_wconf 89' lang='grc'>24.</span> <span class='ocrx_word' id='word_1_225' title='bbox 435 3019 492 3086; x_wconf 90' lang='grc'><strong>28),</strong></span> <span class='ocrx_word' id='word_1_226' title='bbox 512 3019 650 3083; x_wconf 79' lang='grc' dir='ltr'>μάκελλαν</span> <span class='ocrx_word' id='word_1_227' title='bbox 670 3016 742 3082; x_wconf 87' lang='grc'><strong>(146,</strong></span> <span class='ocrx_word' id='word_1_228' title='bbox 755 3014 801 3083; x_wconf 91' lang='grc'>25)</span> <span class='ocrx_word' id='word_1_229' title='bbox 821 3015 869 3068; x_wconf 87' lang='lat' dir='ltr'>vol</span> <span class='ocrx_word' id='word_1_230' title='bbox 890 3019 1053 3080; x_wconf 83' lang='grc' dir='ltr'>μακελλεῖον</span> <span class='ocrx_word' id='word_1_231' title='bbox 1072 3017 1144 3085; x_wconf 90' lang='grc'><strong>(147,</strong></span> <span class='ocrx_word' id='word_1_232' title='bbox 1159 3017 1211 3083; x_wconf 89' lang='grc'><strong>19),</strong></span> <span class='ocrx_word' id='word_1_233' title='bbox 1238 3016 1358 3088; x_wconf 76' lang='grc' dir='ltr'>πραιτώ-</span> 
     </span>
     <span class='ocr_line' id='line_1_28' title="bbox 186 3105 1359 3176; baseline -0.001 -15"><span class='ocrx_word' id='word_1_234' title='bbox 186 3124 247 3174; x_wconf 91' lang='grc' dir='ltr'>ριον</span> <span class='ocrx_word' id='word_1_235' title='bbox 260 3108 315 3174; x_wconf 88' lang='grc'><strong>(33,</strong></span> <span class='ocrx_word' id='word_1_236' title='bbox 328 3108 381 3176; x_wconf 90' lang='grc'><strong>17),</strong></span> <span class='ocrx_word' id='word_1_237' title='bbox 401 3108 543 3175; x_wconf 89' lang='grc' dir='ltr'>τίτλος(5,</span> <span class='ocrx_word' id='word_1_238' title='bbox 559 3106 603 3175; x_wconf 88' lang='grc'><strong>13)</strong></span> <span class='ocrx_word' id='word_1_239' title='bbox 624 3120 723 3176; x_wconf 89' lang='lat' dir='ltr'>neque</span> <span class='ocrx_word' id='word_1_240' title='bbox 741 3106 797 3159; x_wconf 88' lang='lat' dir='ltr'>hoo</span> <span class='ocrx_word' id='word_1_241' title='bbox 817 3106 939 3174; x_wconf 85' lang='lat' dir='ltr'>proprie</span> <span class='ocrx_word' id='word_1_242' title='bbox 958 3106 1048 3160; x_wconf 91' lang='lat' dir='ltr'>modo</span> <span class='ocrx_word' id='word_1_243' title='bbox 1070 3105 1182 3161; x_wconf 87' lang='lat' dir='ltr'>dietum</span> <span class='ocrx_word' id='word_1_244' title='bbox 1203 3107 1241 3161; x_wconf 91' lang='lat' dir='ltr'>de</span> <span class='ocrx_word' id='word_1_245' title='bbox 1258 3106 1359 3160; x_wconf 90' lang='lat' dir='ltr'>indio&#39;e</span> 
     </span>
     <span class='ocr_line' id='line_1_29' title="bbox 187 3193 1359 3265; baseline -0.001 -15"><span class='ocrx_word' id='word_1_246' title='bbox 187 3197 327 3265; x_wconf 88' lang='lat' dir='ltr'>quodam,</span> <span class='ocrx_word' id='word_1_247' title='bbox 356 3197 410 3252; x_wconf 88' lang='lat' dir='ltr'>sed</span> <span class='ocrx_word' id='word_1_248' title='bbox 429 3197 590 3251; x_wconf 85' lang='lat' dir='ltr'>tralaticia:</span> <span class='ocrx_word' id='word_1_249' title='bbox 619 3197 669 3249; x_wconf 87' lang='grc' dir='ltr'>τὸν</span> <span class='ocrx_word' id='word_1_250' title='bbox 694 3199 745 3260; x_wconf 84' lang='grc' dir='ltr'>τῆς</span> <span class='ocrx_word' id='word_1_251' title='bbox 768 3193 910 3259; x_wconf 83' lang='grc' dir='ltr'>εὐσεβείας</span> <span class='ocrx_word' id='word_1_252' title='bbox 935 3194 1029 3250; x_wconf 91' lang='grc' dir='ltr'>τίτλον</span> <span class='ocrx_word' id='word_1_253' title='bbox 1054 3196 1109 3264; x_wconf 90' lang='grc'><strong>(66,</strong></span> <span class='ocrx_word' id='word_1_254' title='bbox 1123 3196 1182 3264; x_wconf 72' lang='grc'><strong>24),</strong></span> <span class='ocrx_word' id='word_1_255' title='bbox 1205 3197 1283 3250; x_wconf 75' lang='lat' dir='ltr'>&#39;item</span> <span class='ocrx_word' id='word_1_256' title='bbox 1308 3196 1359 3249; x_wconf 88' lang='lat' dir='ltr'>vel</span> 
     </span>
     <span class='ocr_line' id='line_1_30' title="bbox 186 3283 1357 3356; baseline 0 -18"><span class='ocrx_word' id='word_1_257' title='bbox 186 3288 302 3356; x_wconf 82' lang='lat' dir='ltr'>tropice</span> <span class='ocrx_word' id='word_1_258' title='bbox 322 3288 407 3354; x_wconf 89' lang='lat' dir='ltr'>quasi</span> <span class='ocrx_word' id='word_1_259' title='bbox 428 3287 527 3354; x_wconf 89' lang='lat' dir='ltr'>patria</span> <span class='ocrx_word' id='word_1_260' title='bbox 547 3301 608 3338; x_wconf 84' lang='lat' dir='ltr'>vox</span> <span class='ocrx_word' id='word_1_261' title='bbox 632 3290 799 3353; x_wconf 83' lang='lat' dir='ltr'>usurpatur</span> <span class='ocrx_word' id='word_1_262' title='bbox 821 3283 966 3349; x_wconf 77' lang='lat' dir='ltr'>ourdpror:</span> <span class='ocrx_word' id='word_1_263' title='bbox 994 3289 1046 3350; x_wconf 87' lang='grc' dir='ltr'>τῆς</span> <span class='ocrx_word' id='word_1_264' title='bbox 1069 3284 1227 3351; x_wconf 84' lang='grc' dir='ltr'>ἐλευθερίας</span> <span class='ocrx_word' id='word_1_265' title='bbox 1251 3285 1357 3351; x_wconf 86' lang='grc' dir='ltr'>ἐκλάτη</span> 
     </span>
     <span class='ocr_line' id='line_1_31' title="bbox 186 3371 1359 3442; baseline 0.002 -16"><span class='ocrx_word' id='word_1_266' title='bbox 186 3375 220 3426; x_wconf 87' lang='grc' dir='ltr'>τὸ</span> <span class='ocrx_word' id='word_1_267' title='bbox 239 3374 359 3439; x_wconf 90' lang='grc' dir='ltr'>νόμισμα</span> <span class='ocrx_word' id='word_1_268' title='bbox 379 3377 424 3428; x_wconf 88' lang='grc' dir='ltr'>καί</span> <span class='ocrx_word' id='word_1_269' title='bbox 444 3375 477 3427; x_wconf 88' lang='grc' dir='ltr'>τὸ</span> <span class='ocrx_word' id='word_1_270' title='bbox 497 3372 627 3439; x_wconf 89' lang='grc' dir='ltr'>κίβδηλον</span> <span class='ocrx_word' id='word_1_271' title='bbox 651 3378 703 3438; x_wconf 85' lang='grc' dir='ltr'>τῆς</span> <span class='ocrx_word' id='word_1_272' title='bbox 727 3371 854 3436; x_wconf 88' lang='grc' dir='ltr'>δουλείας</span> <span class='ocrx_word' id='word_1_273' title='bbox 878 3372 970 3440; x_wconf 85' lang='grc' dir='ltr'>ἐφάνη</span> <span class='ocrx_word' id='word_1_274' title='bbox 996 3374 1129 3441; x_wconf 88' lang='grc' dir='ltr'>δηνάριον</span> <span class='ocrx_word' id='word_1_275' title='bbox 1153 3373 1207 3441; x_wconf 89' lang='grc'><strong>(43,</strong></span> <span class='ocrx_word' id='word_1_276' title='bbox 1221 3375 1255 3428; x_wconf 93' lang='grc'>25</span> <span class='ocrx_word' id='word_1_277' title='bbox 1267 3390 1309 3442; x_wconf 88' lang='lat' dir='ltr'>sq.</span> <span class='ocrx_word' id='word_1_278' title='bbox 1330 3379 1359 3428; x_wconf 86' lang='lat' dir='ltr'>et</span> 
     </span>
     <span class='ocr_line' id='line_1_32' title="bbox 187 3461 1359 3534; baseline 0.003 -19"><span class='ocrx_word' id='word_1_279' title='bbox 187 3463 250 3516; x_wconf 89' lang='lat' dir='ltr'>sim.</span> <span class='ocrx_word' id='word_1_280' title='bbox 269 3462 330 3530; x_wconf 92' lang='grc'><strong>151,</strong></span> <span class='ocrx_word' id='word_1_281' title='bbox 344 3463 379 3526; x_wconf 88' lang='grc'>2).</span> <span class='ocrx_word' id='word_1_282' title='bbox 399 3492 432 3501; x_wconf 89' lang='grc'>-</span> <span class='ocrx_word' id='word_1_283' title='bbox 452 3462 645 3517; x_wconf 88' lang='lat' dir='ltr'>Manifestum</span> <span class='ocrx_word' id='word_1_284' title='bbox 667 3476 748 3528; x_wconf 91' lang='lat' dir='ltr'>vero,</span> <span class='ocrx_word' id='word_1_285' title='bbox 777 3476 845 3516; x_wconf 90' lang='lat' dir='ltr'>oum</span> <span class='ocrx_word' id='word_1_286' title='bbox 863 3463 986 3515; x_wconf 91' lang='lat' dir='ltr'>minime</span> <span class='ocrx_word' id='word_1_287' title='bbox 1006 3476 1041 3516; x_wconf 91' lang='lat' dir='ltr'>eo</span> <span class='ocrx_word' id='word_1_288' title='bbox 1061 3461 1128 3516; x_wconf 83' lang='lat' dir='ltr'>loeo</span> <span class='ocrx_word' id='word_1_289' title='bbox 1148 3464 1202 3529; x_wconf 89' lang='grc'><strong>(77,</strong></span> <span class='ocrx_word' id='word_1_290' title='bbox 1217 3464 1261 3530; x_wconf 93' lang='grc'><strong>12)</strong></span> <span class='ocrx_word' id='word_1_291' title='bbox 1283 3479 1359 3534; x_wconf 87' lang='lat' dir='ltr'>opus</span> 
     </span>
     <span class='ocr_line' id='line_1_33' title="bbox 187 3551 1358 3620; baseline 0 -14"><span class='ocrx_word' id='word_1_292' title='bbox 187 3553 225 3606; x_wconf 89' lang='lat' dir='ltr'>sit</span> <span class='ocrx_word' id='word_1_293' title='bbox 238 3552 348 3606; x_wconf 88' lang='lat' dir='ltr'>Latino</span> <span class='ocrx_word' id='word_1_294' title='bbox 369 3567 514 3619; x_wconf 88' lang='lat' dir='ltr'>sermone,</span> <span class='ocrx_word' id='word_1_295' title='bbox 533 3556 578 3606; x_wconf 86' lang='lat' dir='ltr'>est</span> <span class='ocrx_word' id='word_1_296' title='bbox 597 3551 685 3605; x_wconf 85' lang='lat' dir='ltr'>illud:</span> <span class='ocrx_word' id='word_1_297' title='bbox 704 3553 807 3619; x_wconf 83' lang='grc' dir='ltr'>λαβεῖν,</span> <span class='ocrx_word' id='word_1_298' title='bbox 828 3551 865 3614; x_wconf 85' lang='grc' dir='ltr'>ὡς</span> <span class='ocrx_word' id='word_1_299' title='bbox 881 3551 908 3604; x_wconf 89' lang='grc' dir='ltr'>οἱ</span> <span class='ocrx_word' id='word_1_300' title='bbox 920 3551 1053 3616; x_wconf 79' lang='grc' dir='ltr'>Ῥωμαῖοι</span> <span class='ocrx_word' id='word_1_301' title='bbox 1073 3555 1212 3620; x_wconf 76' lang='grc' dir='ltr'>λαλοῦσιν,</span> <span class='ocrx_word' id='word_1_302' title='bbox 1233 3553 1271 3618; x_wconf 88' lang='grc' dir='ltr'>εἰς</span> <span class='ocrx_word' id='word_1_303' title='bbox 1284 3555 1358 3608; x_wconf 82' lang='grc' dir='ltr'>σέδε-</span> 
     </span>
     <span class='ocr_line' id='line_1_34' title="bbox 186 3640 1358 3711; baseline 0.001 -16"><span class='ocrx_word' id='word_1_304' title='bbox 186 3660 237 3695; x_wconf 93' lang='grc' dir='ltr'>τον</span> <span class='ocrx_word' id='word_1_305' title='bbox 257 3643 333 3706; x_wconf 84' lang='lat' dir='ltr'>(eod.</span> <span class='ocrx_word' id='word_1_306' title='bbox 353 3641 509 3710; x_wconf 85' lang='grc' dir='ltr'>σέδεθρον),</span> <span class='ocrx_word' id='word_1_307' title='bbox 528 3656 586 3710; x_wconf 89' lang='lat' dir='ltr'>quo</span> <span class='ocrx_word' id='word_1_308' title='bbox 606 3641 709 3708; x_wconf 88' lang='lat' dir='ltr'>verbo,</span> <span class='ocrx_word' id='word_1_309' title='bbox 728 3641 842 3710; x_wconf 86' lang='lat' dir='ltr'>opinor,</span> <span class='ocrx_word' id='word_1_310' title='bbox 864 3640 966 3709; x_wconf 91' lang='lat' dir='ltr'>aliquo</span> <span class='ocrx_word' id='word_1_311' title='bbox 980 3641 1069 3696; x_wconf 91' lang='lat' dir='ltr'>modo</span> <span class='ocrx_word' id='word_1_312' title='bbox 1085 3641 1256 3711; x_wconf 81' lang='lat' dir='ltr'>,sedatum“</span> <span class='ocrx_word' id='word_1_313' title='bbox 1271 3643 1358 3698; x_wconf 86' lang='lat' dir='ltr'>reddi</span> 
     </span>
     <span class='ocr_line' id='line_1_35' title="bbox 187 3730 1359 3801; baseline 0.001 -15"><span class='ocrx_word' id='word_1_314' title='bbox 187 3733 283 3786; x_wconf 89' lang='lat' dir='ltr'>voluit</span> <span class='ocrx_word' id='word_1_315' title='bbox 303 3734 439 3801; x_wconf 89' lang='lat' dir='ltr'>scriptor,</span> <span class='ocrx_word' id='word_1_316' title='bbox 468 3732 521 3787; x_wconf 87' lang='lat' dir='ltr'>sed</span> <span class='ocrx_word' id='word_1_317' title='bbox 545 3747 636 3801; x_wconf 89' lang='lat' dir='ltr'>quam</span> <span class='ocrx_word' id='word_1_318' title='bbox 662 3731 710 3784; x_wconf 89' lang='lat' dir='ltr'>vel</span> <span class='ocrx_word' id='word_1_319' title='bbox 732 3732 795 3799; x_wconf 90' lang='lat' dir='ltr'>ipse</span> <span class='ocrx_word' id='word_1_320' title='bbox 818 3730 868 3784; x_wconf 88' lang='lat' dir='ltr'>vel</span> <span class='ocrx_word' id='word_1_321' title='bbox 890 3730 1032 3784; x_wconf 88' lang='lat' dir='ltr'>librarius</span> <span class='ocrx_word' id='word_1_322' title='bbox 1053 3731 1162 3800; x_wconf 91' lang='lat' dir='ltr'>aliquis</span> <span class='ocrx_word' id='word_1_323' title='bbox 1181 3732 1258 3786; x_wconf 89' lang='lat' dir='ltr'>male</span> <span class='ocrx_word' id='word_1_324' title='bbox 1277 3740 1359 3787; x_wconf 89' lang='lat' dir='ltr'>trnn·</span> 
     </span>
     <span class='ocr_line' id='line_1_36' title="bbox 187 3821 1359 3891; baseline 0 -16"><span class='ocrx_word' id='word_1_325' title='bbox 187 3823 276 3876; x_wconf 87' lang='lat' dir='ltr'>cavit.</span> <span class='ocrx_word' id='word_1_326' title='bbox 313 3821 398 3877; x_wconf 87' lang='lat' dir='ltr'>Lioet</span> <span class='ocrx_word' id='word_1_327' title='bbox 416 3824 547 3877; x_wconf 80' lang='lat' dir='ltr'>fortasse</span> <span class='ocrx_word' id='word_1_328' title='bbox 567 3836 673 3876; x_wconf 91' lang='lat' dir='ltr'>vooem</span> <span class='ocrx_word' id='word_1_329' title='bbox 688 3835 810 3891; x_wconf 92' lang='lat' dir='ltr'>quoque</span> <span class='ocrx_word' id='word_1_330' title='bbox 829 3821 911 3874; x_wconf 89' lang='lat' dir='ltr'>illam</span> <span class='ocrx_word' id='word_1_331' title='bbox 924 3821 1119 3887; x_wconf 72' lang='lat' dir='ltr'>superaturos</span> <span class='ocrx_word' id='word_1_332' title='bbox 1140 3829 1180 3890; x_wconf 81' lang='lat' dir='ltr'>(p.</span> <span class='ocrx_word' id='word_1_333' title='bbox 1196 3821 1301 3888; x_wconf 89' lang='grc'><strong>125,12</strong></span> <span class='ocrx_word' id='word_1_334' title='bbox 1321 3822 1359 3876; x_wconf 92' lang='lat' dir='ltr'>de</span> 
     </span>
     <span class='ocr_line' id='line_1_37' title="bbox 186 3909 1360 3982; baseline 0.001 -18"><span class='ocrx_word' id='word_1_335' title='bbox 186 3927 346 3982; x_wconf 84' lang='lat' dir='ltr'>magorum</span> <span class='ocrx_word' id='word_1_336' title='bbox 365 3913 467 3982; x_wconf 86' lang='lat' dir='ltr'>aliquo</span> <span class='ocrx_word' id='word_1_337' title='bbox 487 3912 637 3966; x_wconf 89' lang='lat' dir='ltr'>velamine</span> <span class='ocrx_word' id='word_1_338' title='bbox 657 3911 767 3965; x_wconf 88' lang='lat' dir='ltr'>dictam</span> <span class='ocrx_word' id='word_1_339' title='bbox 794 3941 826 3950; x_wconf 91' lang='lat'>-</span> <span class='ocrx_word' id='word_1_340' title='bbox 855 3912 890 3964; x_wconf 84' lang='grc' dir='ltr'>αί.</span> <span class='ocrx_word' id='word_1_341' title='bbox 911 3909 1015 3979; x_wconf 82' lang='grc'><strong>33,11;</strong></span> <span class='ocrx_word' id='word_1_342' title='bbox 1035 3912 1066 3965; x_wconf 84' lang='grc' dir='ltr'>ἑν</span> <span class='ocrx_word' id='word_1_343' title='bbox 1085 3913 1360 3978; x_wconf 85' lang='grc' dir='ltr'>παραπετάσματδς</span> 
     </span>
     <span class='ocr_line' id='line_1_38' title="bbox 186 3988 1358 4073; baseline 0 -19"><span class='ocrx_word' id='word_1_344' title='bbox 186 4018 261 4066; x_wconf 90' lang='grc' dir='ltr'>τινος</span> <span class='ocrx_word' id='word_1_345' title='bbox 279 4003 385 4071; x_wconf 81' lang='grc' dir='ltr'>τέχνη),</span> <span class='ocrx_word' id='word_1_346' title='bbox 405 4017 484 4073; x_wconf 89' lang='lat' dir='ltr'>quae</span> <span class='ocrx_word' id='word_1_347' title='bbox 498 4018 515 4057; x_wconf 87' lang='lat' dir='ltr'>e</span> <span class='ocrx_word' id='word_1_348' title='bbox 529 4000 648 4058; x_wconf 81' lang='lat' dir='ltr'>Graeca</span> <span class='ocrx_word' id='word_1_349' title='bbox 667 4003 774 4072; x_wconf 84' lang='lat' dir='ltr'>lingua</span> <span class='ocrx_word' id='word_1_350' title='bbox 793 4002 846 4055; x_wconf 89' lang='lat' dir='ltr'>vix</span> <span class='ocrx_word' id='word_1_351' title='bbox 867 4001 1013 4071; x_wconf 83' lang='lat' dir='ltr'>explicari</span> <span class='ocrx_word' id='word_1_352' title='bbox 1033 4005 1142 4071; x_wconf 84' lang='lat' dir='ltr'>potest,</span> <span class='ocrx_word' id='word_1_353' title='bbox 1161 3988 1203 4055; x_wconf 48' lang='lat' dir='ltr'>&#39;ad</span> <span class='ocrx_word' id='word_1_354' title='bbox 1216 4001 1358 4056; x_wconf 87' lang='lat' dir='ltr'>Latinum</span> 
     </span>
     <span class='ocr_line' id='line_1_39' title="bbox 189 4091 1359 4162; baseline -0.001 -18"><span class='ocrx_word' id='word_1_355' title='bbox 189 4092 344 4160; x_wconf 87' lang='lat' dir='ltr'>,pallium“</span> <span class='ocrx_word' id='word_1_356' title='bbox 359 4094 481 4160; x_wconf 85' lang='lat' dir='ltr'>referre,</span> <span class='ocrx_word' id='word_1_357' title='bbox 500 4092 633 4162; x_wconf 83' lang='lat' dir='ltr'>itemque</span> <span class='ocrx_word' id='word_1_358' title='bbox 653 4109 680 4161; x_wconf 94' lang='lat' dir='ltr'>p.</span> <span class='ocrx_word' id='word_1_359' title='bbox 694 4093 736 4160; x_wconf 91' lang='grc'><strong>77,</strong></span> <span class='ocrx_word' id='word_1_360' title='bbox 750 4091 797 4146; x_wconf 79' lang='lat'>23:</span> <span class='ocrx_word' id='word_1_361' title='bbox 817 4093 954 4158; x_wconf 81' lang='grc' dir='ltr'>δωμαίκοί</span> <span class='ocrx_word' id='word_1_362' title='bbox 972 4091 997 4146; x_wconf 89' lang='grc' dir='ltr'>δ’</span> <span class='ocrx_word' id='word_1_363' title='bbox 1011 4091 1154 4158; x_wconf 86' lang='grc' dir='ltr'>οἰκονόμοι</span> <span class='ocrx_word' id='word_1_364' title='bbox 1174 4092 1359 4155; x_wconf 86' lang='grc' dir='ltr'>δεσπόταις</span> 
     </span>
     <span class='ocr_line' id='line_1_40' title="bbox 187 4180 1402 4252; baseline -0.001 -18"><span class='ocrx_word' id='word_1_365' title='bbox 187 4182 456 4248; x_wconf 87' lang='grc' dir='ltr'>ἀποκρινάμενοι</span> <span class='ocrx_word' id='word_1_366' title='bbox 485 4183 512 4246; x_wconf 90' lang='grc' dir='ltr'>(ί.</span> <span class='ocrx_word' id='word_1_367' title='bbox 533 4198 557 4238; x_wconf 89' lang='lat' dir='ltr'>o.</span> <span class='ocrx_word' id='word_1_368' title='bbox 580 4182 722 4252; x_wconf 88' lang='lat' dir='ltr'>,dominis</span> <span class='ocrx_word' id='word_1_369' title='bbox 746 4198 808 4237; x_wconf 93' lang='lat' dir='ltr'>rem</span> <span class='ocrx_word' id='word_1_370' title='bbox 833 4181 1054 4252; x_wconf 84' lang='lat' dir='ltr'>p1·aestantes“)</span> <span class='ocrx_word' id='word_1_371' title='bbox 1084 4182 1122 4235; x_wconf 90' lang='lat' dir='ltr'>de</span> <span class='ocrx_word' id='word_1_372' title='bbox 1146 4181 1247 4236; x_wconf 92' lang='lat' dir='ltr'>Latini</span> <span class='ocrx_word' id='word_1_373' title='bbox 1272 4180 1357 4234; x_wconf 87' lang='lat' dir='ltr'>verbi</span> <span class='ocrx_word' id='word_1_374' title='bbox 1401 4243 1402 4248; x_wconf 8' lang='grc' dir='ltr'>χ</span> 
     </span>
     <span class='ocr_line' id='line_1_41' title="bbox 185 4269 1357 4343; baseline -0.001 -18"><span class='ocrx_word' id='word_1_375' title='bbox 185 4270 389 4343; x_wconf 91' lang='lat' dir='ltr'>respondendi</span> <span class='ocrx_word' id='word_1_376' title='bbox 404 4273 534 4328; x_wconf 87' lang='lat' dir='ltr'>fortasse</span> <span class='ocrx_word' id='word_1_377' title='bbox 546 4288 613 4342; x_wconf 90' lang='lat' dir='ltr'>usn,</span> <span class='ocrx_word' id='word_1_378' title='bbox 632 4288 693 4327; x_wconf 91' lang='lat' dir='ltr'>non</span> <span class='ocrx_word' id='word_1_379' title='bbox 708 4272 745 4326; x_wconf 92' lang='lat' dir='ltr'>de</span> <span class='ocrx_word' id='word_1_380' title='bbox 759 4271 875 4328; x_wconf 85' lang='lat' dir='ltr'>Graeco</span> <span class='ocrx_word' id='word_1_381' title='bbox 889 4269 1088 4338; x_wconf 88' lang='grc' dir='ltr'>ἀποκρίνεσθαι</span> <span class='ocrx_word' id='word_1_382' title='bbox 1101 4271 1235 4326; x_wconf 85' lang='lat' dir='ltr'>derivari</span> <span class='ocrx_word' id='word_1_383' title='bbox 1249 4273 1357 4340; x_wconf 87' lang='lat' dir='ltr'>potest.</span> 
     </span>
     <span class='ocr_line' id='line_1_42' title="bbox 187 4359 1358 4431; baseline -0.003 -15"><span class='ocrx_word' id='word_1_384' title='bbox 187 4362 300 4426; x_wconf 83' lang='lat' dir='ltr'>Quodsi</span> <span class='ocrx_word' id='word_1_385' title='bbox 319 4363 397 4416; x_wconf 79' lang='lat' dir='ltr'>forte</span> <span class='ocrx_word' id='word_1_386' title='bbox 418 4367 540 4431; x_wconf 88' lang='lat' dir='ltr'>propter</span> <span class='ocrx_word' id='word_1_387' title='bbox 560 4363 645 4426; x_wconf 90' lang='lat' dir='ltr'>duas,</span> <span class='ocrx_word' id='word_1_388' title='bbox 665 4377 744 4431; x_wconf 88' lang='lat' dir='ltr'>quae</span> <span class='ocrx_word' id='word_1_389' title='bbox 758 4361 815 4415; x_wconf 86' lang='lat' dir='ltr'>hoo</span> <span class='ocrx_word' id='word_1_390' title='bbox 828 4362 894 4415; x_wconf 85' lang='lat' dir='ltr'>loeo</span> <span class='ocrx_word' id='word_1_391' title='bbox 916 4359 955 4430; x_wconf 90' lang='lat' dir='ltr'>(p.</span> <span class='ocrx_word' id='word_1_392' title='bbox 967 4361 1011 4428; x_wconf 95' lang='grc'>77)</span> <span class='ocrx_word' id='word_1_393' title='bbox 1031 4362 1239 4428; x_wconf 87' lang='lat' dir='ltr'>inveniuntur,</span> <span class='ocrx_word' id='word_1_394' title='bbox 1258 4359 1358 4414; x_wconf 87' lang='lat' dir='ltr'>Latini</span> 
     </span>
     <span class='ocr_line' id='line_1_43' title="bbox 188 4450 1359 4521; baseline -0.001 -16"><span class='ocrx_word' id='word_1_395' title='bbox 188 4451 335 4505; x_wconf 87' lang='lat' dir='ltr'>sermonis</span> <span class='ocrx_word' id='word_1_396' title='bbox 354 4450 565 4506; x_wconf 86' lang='lat' dir='ltr'>similitudines</span> <span class='ocrx_word' id='word_1_397' title='bbox 584 4456 678 4507; x_wconf 90' lang='lat' dir='ltr'>totam</span> <span class='ocrx_word' id='word_1_398' title='bbox 699 4451 932 4521; x_wconf 88' lang='lat' dir='ltr'>disputationem</span> <span class='ocrx_word' id='word_1_399' title='bbox 953 4451 1125 4506; x_wconf 83' lang='lat' dir='ltr'>historicam</span> <span class='ocrx_word' id='word_1_400' title='bbox 1150 4451 1192 4505; x_wconf 93' lang='lat' dir='ltr'>ibi</span> <span class='ocrx_word' id='word_1_401' title='bbox 1213 4450 1359 4520; x_wconf 88' lang='lat' dir='ltr'>prolatam</span> 
     </span>
    </p>
   </div>
   <div class='ocr_carea' id='block_1_4' title="bbox 0 0 1536 5086">
    <p class='ocr_par' dir='ltr' id='par_1_8' title="bbox 0 0 1536 5086">
     <span class='ocr_line' id='line_1_44' title="bbox 0 0 1536 5086; baseline 0 0"><span class='ocrx_word' id='word_1_402' title='bbox 0 0 1536 5086; x_wconf 95' lang='lat' dir='ltr'> </span> 
     </span>
    </p>
   </div>
  </div>
 </body>
</html>
