3060 5086
625 221 830 312 1-55-

156 425 240 469 anno
264 405 384 470 Romae
410 404 533 486 fuisset,
570 409 787 469 cartaeorum
811 421 916 466 mores
949 422 987 466 ac
1018 403 1155 468 tortasse
1185 403 1326 487 linguam

156 518 299 576 noverat.
347 511 550 601 Puteolorum
585 509 695 596 oppidi
726 510 838 574 miram
866 509 1019 574 notitiam
1045 510 1122 574 item
1146 509 1327 595 Porphyrio

156 619 189 683 in
213 618 309 683 ltalia
332 617 464 702 degenti
498 617 636 684 maxime
668 636 844 700 congruere
872 615 968 681 modo
993 617 1326 700 commemoravimus3

156 745 237 808 quae
262 745 337 791 vero
360 725 401 790 de
425 725 497 790 lacu
522 723 721 792 Genezarcth
738 723 914 790 secundum
931 723 1154 788 auctoritatem
1179 729 1245 789 τῶν
1269 726 1327 803 τὴν

156 832 309 912 ἀλήθειαν
355 836 420 897 τῶν
466 832 576 898 τόπων
622 830 860 913 ἀφηγουμένων
907 832 1146 896 accuratissime
1196 832 1328 916 exponit

156 942 200 1025 (p.
219 940 272 1022 60,
297 940 334 1004 8;
360 939 473 1019 λίμνην
491 940 603 1019 μικρὰν
627 940 662 1004 ἐκ
683 941 829 1017 ποταμοῦ
854 941 1068 1003 συνεστῶσαν
1100 938 1163 1003 ὑπὸ
1187 939 1224 1003 τὸ
1249 937 1327 1018 ὄρος

157 1047 236 1111 κατὰ
260 1048 318 1124 τὴν
344 1047 512 1114 Γαλιλαίαν
535 1046 645 1126 χώραν
666 1046 753 1126 παρὰ
777 1045 872 1110 πόλιν
893 1043 1071 1124 Τιβεριάδα,
1095 1046 1135 1124 ἣν
1158 1047 1210 1110 καὶ
1235 1066 1327 1125 μονο·

156 1153 265 1234 ξύλοις
290 1158 412 1234 μικροῖς
437 1158 626 1220 διαπλεῦσαι
652 1155 765 1238 ῥᾴδιον
789 1153 824 1217 ἐν
841 1154 939 1232 ὥραις
964 1152 1002 1216 οὐ
1020 1156 1133 1218 πλεῖον
1157 1153 1226 1236 δύο,
1251 1155 1328 1233 μήτε

157 1262 192 1326 δὲ
217 1265 298 1340 κῦμα
323 1262 399 1341 μήτε
424 1265 564 1341 χειμῶνα
592 1266 738 1341 χωρῆσαι
762 1260 952 1343 δυναμένην,
989 1261 1050 1325 etsi
1083 1258 1165 1325 haec
1193 1261 1329 1326 scientia

155 1366 197 1432 ad
222 1368 317 1453 plane
341 1369 437 1433 aliam
461 1369 623 1450 regionem
649 1375 797 1454 spectare
821 1366 956 1448 videtur,
991 1374 1097 1431 tamen
1122 1368 1218 1432 certis
1242 1368 1329 1434 testi·

155 1475 269 1540 moniis
293 1475 390 1559 paulo
414 1481 487 1560 post
504 1473 682 1542 videbimus
706 1494 744 1568 ea
761 1474 926 1558 adsignari
943 1473 1132 1559 Porphyrio,
1158 1475 1212 1557 qui
1229 1475 1329 1540 scien-

155 1581 232 1646 tiam
256 1581 343 1646 illam
367 1582 435 1648 sive
458 1583 528 1667 ipse
553 1601 570 1647 e
594 1582 694 1668 Tyria
719 1582 824 1667 patria
847 1580 1000 1646 attulerat
1023 1581 1091 1648 sive
1114 1619 1155 1627 —
1173 1581 1217 1665 id,
1243 1581 1328 1664 quod

156 1687 310 1754 historiae
334 1689 543 1773 evangelicae
567 1691 648 1755 ratio
672 1690 703 1753 in
721 1687 937 1773 descriptione
953 1708 1080 1774 semper
1096 1687 1207 1753 habita
1231 1688 1328 1773 signi·

156 1795 257 1862 ficare
281 1795 466 1861 videtur-
484 1795 562 1862 data
586 1797 766 1880 occasione,
791 1816 862 1861 cum
886 1796 918 1860 in
943 1815 981 1861 eo
1006 1816 1031 1861 s.
1056 1797 1233 1881 scripturae
1256 1797 1328 1862 loco

156 1903 358 1986 offendisset,
382 1923 423 1969 ex
447 1904 572 1970 illorum
597 1903 737 1970 locorum
762 1903 874 1988 peritis
898 1908 1105 1988 percontatus
1129 1909 1177 1969 est
1198 1906 1219 1986 ).

263 2011 383 2077 Contra
407 2010 493 2096 apud
517 2019 658 2078 nostrum
683 2012 747 2076 alia
771 2030 897 2094 quoque
913 2009 1049 2075 Romam
1073 2015 1105 2075 et
1126 2008 1326 2076 occidentem

156 2116 343 2183 ostendunt:
380 2139 518 2202 namque
542 2119 630 2184 Petri
664 2125 696 2184 et
719 2118 811 2184 Pauli
835 2118 1022 2203 martyrium
1042 2117 1220 2183 Romanum
1245 2138 1328 2185 com·

158 2231 313 2289 memorat
338 2225 426 2302 (162,
451 2226 472 2290 3
496 2229 591 2309 sqq.),
627 2226 716 2292 cuius
740 2226 885 2310 martyrii
910 2224 1063 2291 memoria
1092 2227 1124 2290 in
1151 2225 1222 2309 ipsa
1250 2226 1328 2290 urbe

158 2331 297 2396 maxime
321 2352 399 2398 sane
423 2333 660 2415 celebrabatur3
697 2332 814 2398 deinde
837 2332 1058 2417 apocalypsim
1083 2333 1172 2398 Petri
1195 2333 1278 2399 inter
1301 2356 1326 2404 s.

157 2439 336 2524 scripturae
360 2439 458 2506 libros
475 2438 602 2520 videtur
619 2439 745 2524 legisse,
770 2460 877 2522 quam,
902 2440 963 2505 etsi
987 2460 1098 2524 parum
1120 2446 1272 2506 accurate
1295 2443 1328 2506 in

158 2546 332 2631 provinciis
349 2547 578 2613 ecclesiasticis
595 2547 745 2613 collocari
762 2552 879 2631 potest,
897 2551 1003 2612 tamen
1021 2567 1069 2612 ca.
1087 2567 1116 2612 a.
1130 2547 1195 2612 200
1205 2547 1328 2615 Romae

156 2660 277 2719 certum
302 2654 453 2722 habuisse
471 2653 666 2720 domicilium
683 2654 863 2720 ostenditur
880 2673 1002 2719 canone
1018 2654 1247 2738 Muratoriano‚
1273 2656 1327 2740 qui

88 2797 91 2802 2
156 2760 286 2844 dicitur;
312 2761 448 2845 denique
473 2763 552 2827 mira
575 2764 703 2848 saepius
726 2783 751 2828 s.
776 2767 884 2827 textus
907 2761 1009 2827 forma
1025 2761 1171 2846 proxime
1188 2762 1326 2847 accedit,

155 2876 188 2934 ut
212 2871 276 2934 iam
299 2869 480 2953 diximusl),
505 2869 546 2936 ad
571 2890 626 2936 eos
650 2891 674 2936 s.
692 2871 870 2955 scripturae
887 2867 1016 2934 codices
1033 2867 1186 2952 Graecos,
1212 2871 1332 2962 quibus·

264 3140 289 3207 1)
309 3139 416 3194 Verbis
430 3145 531 3195 autem
545 3141 571 3194 ot
590 3142 643 3207 την
656 3140 789 3208 ἀλήθειαν
804 3179 846 3194 ...
864 3140 1059 3207 ἀφηγούμενοι
1072 3139 1203 3208 aliquem
1218 3140 1327 3195 librum

157 3245 276 3299 quoque
297 3231 464 3298 significari
485 3246 573 3300 posse
593 3234 707 3284 fontem
730 3245 791 3284 uon
810 3231 998 3299 negaverim,
1018 3229 1072 3282 scd
1091 3231 1199 3298 nescio,
1225 3246 1327 3298 quem·

156 3334 225 3372 narn
252 3321 462 3388 suspicaturus
490 3322 544 3388 sis3
573 3320 656 3389 apud
678 3318 857 3375 Strabonem
887 3318 992 3374 saltem
1021 3319 1094 3372 nihil
1122 3320 1182 3374 tale
1212 3319 1249 3375 de
1276 3321 1326 3376 illo

156 3413 264 3478 stagno
286 3410 429 3478 scripturn
451 3410 563 3464 inveni.
601 3408 714 3464 Contra
733 3410 812 3464 inter
832 3407 1018 3463 Christianos
1038 3409 1208 3477 scriptores,
1238 3416 1271 3464 ut
1297 3411 1327 3464 id

156 3500 293 3564 atteram,
317 3503 398 3552 recte
418 3497 568 3554 Eusebius
587 3500 617 3552 in
638 3499 829 3552 Onomastico
849 3499 970 3552 urbium
991 3503 1020 3552 et
1039 3498 1174 3552 locorum
1194 3514 1216 3552 s.
1236 3500 1328 3569 scrip·

156 3595 242 3642 turae
263 3589 434 3654 (ediderunt
447 3587 570 3642 Larsow
584 3594 614 3642 et
627 3588 770 3657 Parthey,
788 3586 918 3642 Berolin.
934 3586 1014 3653 1862)
1034 3602 1153 3656 semper
1167 3587 1204 3643 de
1217 3591 1327 3659 stupco

156 3678 290 3748 loquitur·
310 3678 392 3732 velut
407 3680 476 3746 πρὸς
488 3685 524 3747 τῇ
539 3677 732 3745 Γενησαρίτιδε
751 3676 851 3746 λίμνῃ
873 3676 1014 3746 (ρ.118,5
1033 3677 1230 3746 similiterque
1243 3679 1287 3747 80,
1297 3680 1327 3746 73

158 3767 255 3836 144,1;
275 3768 374 3834 266,1λ
391 3769 438 3822 νο1
451 3770 468 3835 ἡ
482 3767 564 3835 λίμνη
577 3767 738 3834 Τιβεριάδος
750 3765 824 3834 (156,
837 3765 864 3830 5)
879 3770 908 3820 et
922 3767 1076 3833 ἡΤιβεριὰς
1089 3767 1190 3834 λίμνη
1207 3768 1278 3836 (326,
1290 3769 1326 3836 9).

263 3857 290 3921 2)
310 3857 353 3912 Cf.
374 3875 401 3928 p.
416 3856 457 3925 16,
477 3863 539 3912 not.
559 3857 650 3924 still,
670 3861 732 3911 not.
762 3886 792 3894 -
823 3854 891 3910 Uno
916 3870 988 3910 vero
1015 3856 1079 3910 loco
1106 3871 1128 3910 s.
1148 3858 1326 3927 scripturae,

157 3961 266 4016 evang.
287 3947 392 4000 Ioann.
413 3947 454 4013 19,
467 3946 510 4012 29,
540 3962 628 4016 quem
656 3947 754 4000 locum
779 3946 1090 4000 adversarius'alfert
1109 3946 1332 4016 P·20,10sqq.,.

156 4036 213 4088 hac
238 4036 331 4088 nostri
358 4036 527 4105 philosophi
553 4051 620 4089 oum
641 4034 880 4089 occidentalibus
905 4034 1033 4089 testibus
1058 4037 1257 4090 consensione
1278 4037 1326 4091 vel

157 4124 330 4193 corruptela
354 4126 449 4194 ipsius
473 4131 575 4180 textus
595 4127 673 4179 sacri
698 4125 840 4179 omnibus
859 4124 1013 4177 codicibus
1033 4125 1141 4178 nostris
1161 4125 1326 4194 praeclaris

158 4214 304 4268 vetustior
322 4213 451 4269 indicari
472 4215 600 4269 videtur.
632 4213 666 4268 ln
686 4231 708 4268 s.
729 4218 815 4268 textu
834 4213 959 4284 legitur:
979 4215 1133 4278 σπόγγον
1153 4214 1204 4267 οὖν
1224 4215 1327 4280 μεστὸν

156 4309 208 4358 τοῦ
222 4304 471 4373 δξουςὺσσώπιμ
491 4305 691 4372 περιθέντες
708 4304 905 4372 προσήνεγκαν
920 4305 1007 4358 αὐτοῦ
1021 4309 1063 4373 τῷ
1077 4304 1204 4372 στόματι,
1223 4307 1326 4358 noster·

157 4397 258 4450 autem
278 4394 382 4448 habet:
413 4398 538 4459 σκεῦος
557 4395 608 4448 οὖν
628 4394 731 4461 μεστὸν
750 4398 811 4447 τοῦ
831 4395 932 4459 ὄξους
954 4396 1015 4449 σὺν
1038 4395 1194 4464 ὑσσώπῳ
1218 4408 1325 4461 προσ-
