3060 5086
678 261 852 315 ..10-

287 440 314 504 E
339 441 452 524 quibus
477 440 611 506 alterum
636 441 763 506 titulum
786 441 981 524 singulorum
1011 441 1161 507 librorum
1190 441 1264 507 ideo
1293 442 1347 507 vix

181 548 396 630 retinebimus
434 547 517 631 quod
549 549 704 633 repetitus
733 555 781 614 est
811 548 970 614 etabulis
992 549 1245 634 inscriptionum,
1271 568 1350 631 quas

181 655 342 721 levissime
365 676 404 721 ac
427 675 525 740 saepe
548 656 746 740 ineptissime
755 657 780 735 1)
804 655 953 721 librarius
977 655 1107 738 quidam
1131 657 1220 722 libris
1243 658 1350 722 Maca·

179 763 277 828 rionis
302 763 475 847 praemisit,
505 769 537 828 et
562 761 647 845 quod
671 783 733 828 non
763 763 987 848 complectitur
1016 764 1131 842 omnia,
1166 783 1248 846 quae
1276 764 1350 829 libri

180 869 354 951 continent,
390 869 547 953 siquidem
582 879 711 955 praeter
746 870 834 937 locos
868 871 1104 956 apocalypseos
1132 872 1238 954 Petri,
1268 892 1349 954 quae

179 983 287 1042 tamen
311 977 383 1043 ficri
400 985 538 1063 poterat,
563 979 646 1043 utin
663 979 747 1046 Novi
764 979 964 1044 Testamenti
981 977 1070 1044 libris
1087 985 1306 1044 numeraretur
1314 981 1349 1060 2),

180 1104 250 1149 cum
275 1085 402 1150 Veteris
432 1086 633 1150 Testamenti
663 1084 784 1163 dietau
815 1091 1004 1168 tractantur,
1041 1092 1107 1150 tum
1139 1123 1181 1132 —
1212 1087 1350 1152 maxime

179 1190 221 1256 ad
257 1192 356 1258 finem
391 1193 464 1271 libri
494 1193 540 1258 IV
573 1199 605 1258 et
638 1200 718 1278 toto,
753 1192 866 1278 opinor
901 1192 982 1259 libro
1013 1194 1040 1259 V
1077 1193 1282 1278 deperditos)
1307 1231 1350 1240 —-

179 1301 382 1381 quaestiones
415 1300 582 1384 generales
611 1307 643 1366 et
673 1299 826 1384 dogmata
859 1300 1081 1366 ecclesiastica
1110 1301 1196 1366 velut
1220 1301 1261 1366 de
1283 1322 1349 1366 mo-

178 1406 323 1489 narchia,
355 1397 396 1474 de
420 1407 545 1491 angelis
576 1407 820 1490 immortalibus,
854 1407 895 1472 de
923 1409 1144 1474 incarnatione
1168 1408 1266 1474 Verbi
1290 1428 1348 1475 seu

179 1514 296 1597 Λόγου,
321 1514 362 1581 de
385 1516 617 1582 resurrectione
641 1515 756 1598 carnis,
781 1515 857 1582 alia.
1215 1509 1221 1517 ’

179 1750 320 1818 serioque
339 1765 409 1816 una,
430 1749 481 1805 sed
502 1750 625 1804 undena
641 1752 763 1820 utrique
777 1750 879 1805 danda
893 1757 988 1820 erant,
1008 1751 1129 1820 duplici,
1150 1753 1258 1820 opinor
1271 1752 1349 1806 serie

179 1838 357 1906 ordinanda,
378 1854 438 1908 qua
458 1855 491 1894 re
509 1839 558 1893 hic
577 1839 653 1894 liber
671 1854 754 1893 nune
774 1840 880 1894 ceteris
903 1840 997 1895 multo
1018 1841 1124 1894 exilior
1143 1842 1174 1894 in
1193 1840 1228 1895 32
1247 1841 1348 1910 capita

178 1933 287 1982 auctus
307 1930 407 1997 quarti
427 1930 533 1983 saltem
552 1930 698 1984 ambitum
719 1935 874 1998 aequaret.

285 2017 312 2074 ll
331 2017 514 2088 Plerumque
536 2020 609 2073 satis
633 2019 741 2074 habuit
759 2020 860 2074 verbis
878 2019 926 2084 Τίς
945 2020 960 2073 ό
979 2020 1062 2085 λόγος
1086 2020 1135 2074 νο1
1154 2019 1222 2084 Πῶς
1241 2020 1349 2086 εἴρηται

178 2106 277 2161 Ιοοουι
297 2122 319 2160 s.
336 2107 514 2177 scripturae,
533 2108 571 2162 de
591 2124 651 2177 quo
672 2109 869 2178 disceptatur,
888 2109 1074 2177 adscribere,
1093 2109 1146 2163 sed
1166 2110 1220 2162 ubi
1239 2125 1287 2163 res
1306 2110 1348 2163 in·

179 2195 327 2250 dicandae
342 2201 436 2262 crant,
457 2197 540 2252 velut
553 2198 619 2252 libr.
631 2197 670 2251 IV
685 2214 750 2267 cap.
760 2198 785 2251 4.
813 2197 988 2272 Christianis
1003 2199 1207 2268 exprobratur
1219 2199 1348 2253 Paulum

177 2285 362 2354 Petrumque
383 2288 501 2340 eximiis
520 2288 674 2357 promissis
694 2288 732 2341 ab
751 2289 817 2357 ipso
843 2287 964 2342 domino
990 2289 1185 2343 confirmatos
1208 2293 1242 2342 ut
1266 2303 1349 2343 num·

178 2389 268 2444 quarn
288 2376 449 2431 morituros
464 2377 550 2431 brevi
564 2383 665 2431 tamen
680 2377 794 2432 occisos
808 2391 883 2444 esse,
901 2378 1024 2447 ineptus
1036 2377 1087 2432 ille
1100 2378 1207 2432 indicis
1220 2379 1349 2448 scriptor

177 2463 207 2518 id
231 2465 385 2534 signifieat
409 2467 525 2521 verbis:
553 2471 616 2530 πῶς
639 2469 715 2520 λαλεῖ
740 2465 774 2519 δι’
795 2467 937 2533 ὁράματος
956 2468 972 2521 ὁ
993 2467 1091 2534 Κύριος
1109 2473 1151 2536 τῷ
1171 2466 1278 2538 Παύλῳ
1304 2469 1349 2521 καί

176 2558 238 2618 πῶς
257 2556 437 2622 συνεχώρησε
457 2560 657 2624 σταυρωθῆναι
676 2555 796 2622 Πέτρον.

283 2643 311 2712 2)
332 2643 396 2699 Vid.
418 2660 509 2716 pagg.
530 2645 583 2699 164
602 2650 632 2699 et
652 2644 717 2714 1653
748 2660 931 2715 quamquam
951 2644 1101 2698 Macarius
1120 2645 1185 2714 ipse
1205 2661 1232 2714 p.
1245 2644 1296 2699 185
1314 2648 1349 2698 ut

177 2734 344 2802 ἀπόκρυφον
369 2735 477 2788 librum
503 2735 568 2789 vult
591 2735 840 2802 repercuterentur,
871 2740 972 2790 tamen
998 2734 1120 2803 saepius
1144 2735 1176 2788 iu
1201 2734 1347 2789 librorum

177 2839 331 2878 sacrorum
347 2839 474 2879 numero
487 2825 667 2893 habebatur,
688 2827 818 2878 maxime
832 2826 863 2878 in
878 2824 1043 2879 occidentis
1056 2824 1243 2893 regionibus,
1263 2823 1349 2878 velut

177 2915 271 2968 estin
292 2929 409 2968 canone
428 2913 644 2982 Muratoriano,
664 2916 716 2983 qui
737 2915 854 2983 dicitur,
877 2929 898 2968 s.
918 2914 1093 2982 scripturae.

283 3004 310 3068 3)
329 3003 425 3058 Exod.
445 3004 488 3071 31,
506 3003 537 3057 18
557 3019 585 3073 p.
598 3003 648 3057 201
670 3009 699 3058 et
719 3003 814 3058 Exod.
835 3003 877 3070 22,
891 3003 926 3057 28
944 3019 971 3073 p.
987 3003 1048 3056 205.

282 3094 310 3156 4)
330 3093 395 3148 Non
416 3095 515 3147 minus
535 3092 671 3164 quinque
686 3094 781 3148 fuisse
794 3094 884 3147 libros
897 3091 1063 3146 Macariani
1078 3093 1185 3162 operia,
1206 3092 1260 3146 etsi
1275 3092 1348 3145 nihil

177 3184 215 3238 de
235 3185 338 3254 quinto
359 3183 475 3252 perdito
495 3183 632 3237 indicant
652 3183 792 3251 editores,
811 3172 901 3237 immo
915 3183 1107 3237 Duchesnius
1127 3182 1175 3260 1.1.
1196 3181 1251 3250 ρ.5
1270 3186 1300 3235 et
1315 3180 1348 3235 15

177 3288 230 3342 per
250 3275 310 3326 vim
331 3269 399 3327 eurir
420 3274 591 3342 opprimere
611 3277 738 3326 conatus
757 3277 810 3340 est,
830 3275 933 3327 tamen
946 3276 1074 3342 apparet
1091 3273 1261 3326 testimonio
1273 3270 1347 3324 Tur·

176 3365 263 3430 niani,
292 3363 374 3432 quod
403 3364 462 3418 iam
492 3361 617 3417 Crusius
645 3363 739 3431 (apud
764 3363 877 3416 Pitram
901 3363 918 3416 l.
938 3364 955 3416 1.
976 3380 1004 3431 p.
1017 3362 1082 3431 549)
1110 3365 1347 3428 monstraverat;

176 3452 345 3506 Turrianus
370 3453 448 3506 enim
473 3452 503 3504 in
529 3466 584 3505 suc
607 3451 804 3521 ,Dogmatieo
825 3453 863 3506 de
882 3453 1102 3507 iustificatione
1121 3452 1160 3506 ad
1181 3450 1347 3506 Germanos

177 3543 325 3596 adversus
345 3541 532 3596 Luteranos“
558 3541 616 3608 (ed.
637 3542 750 3598 Romae
769 3542 847 3610 1557,
867 3558 929 3596 non
950 3543 1018 3597 1551
1038 3548 1072 3596 ut
1090 3543 1108 3596 1.
1128 3544 1145 3596 1.
1165 3542 1288 3611 legitur)
1316 3542 1347 3594 in

175 3631 279 3686 10131
304 3661 336 3670 -
361 3631 433 3685 iolia
462 3631 550 3698 enim,
579 3632 713 3685 nondum
741 3633 874 3703 paginae
903 3637 1103 3686 numerantur
1129 3660 1162 3670 -
1187 3629 1346 3684 eMacarii

178 3721 282 3775 codice
296 3721 427 3790 quodam
439 3720 564 3788 Veneto,
585 3736 673 3789 quem
687 3723 816 3775 eundem
831 3721 924 3774 luisse
939 3735 974 3773 ac
987 3726 1121 3774 nostrum
1131 3718 1346 3773 Atheniensem

177 3809 333 3864 contendit
346 3809 547 3880 Neumannus
557 3811 622 3865 loco
643 3825 736 3880 supra
752 3811 852 3875 allato,
872 3809 1022 3879 prolixum
1037 3808 1179 3862 describit
1193 3808 1345 3875 fragmen·

175 3905 247 3966 tum,
268 3899 349 3968 quod
370 3901 522 3968 expressis
536 3901 637 3954 verbis
658 3916 723 3955 esse
739 3903 780 3955 ait
795 3896 860 3968 ,lt‘la
881 3894 987 3968 quinto
1005 3899 1166 3966 codemque
1186 3895 1346 3965 cmtrcmo“,

175 3989 297 4043 nonita
318 3988 392 4042 libro
408 3988 440 4057 V,
460 3993 495 4043 ut
509 4005 577 4043 cum
590 3990 763 4044 Duchesnio
778 4003 909 4044 errorem
929 3988 1082 4056 scriptoris
1102 3985 1149 4038 vel
1169 3985 1346 4054 typothetae

176 4083 310 4144 statuere
329 4079 486 4148 possimus.
517 4107 550 4117 —-
579 4079 685 4148 Neque
705 4094 763 4148 ego
784 4077 956 4132 Duchesnio
977 4076 1184 4141 concesserim,
1208 4090 1287 4143 quae
1308 4090 1345 4128 ex

175 4167 251 4220 libro
272 4168 377 4236 quinto
397 4168 446 4222 ille
466 4168 632 4237 depromat,
652 4181 706 4220 nos
726 4166 832 4220 eadem
845 4165 948 4235 legere
960 4165 991 4217 in
1006 4167 1127 4232 quart03
1147 4163 1258 4218 etenim
1277 4178 1346 4216 nus·

176 4271 267 4324 quam
287 4257 389 4310 inveni
409 4258 440 4311 in
454 4256 578 4310 Macarii
599 4255 731 4309 editione
743 4254 882 4307 Parisina
896 4253 1106 4322 gravissimam
1126 4252 1207 4305 illam
1227 4250 1346 4305 deiide

176 4350 206 4399 et
226 4346 369 4414 operibus
390 4347 438 4400 vel
459 4345 497 4400 de
516 4343 714 4413 adipiscenda
733 4343 831 4397 salute
851 4342 1080 4412 expositionem,
1107 4357 1186 4411 quae
1206 4345 1346 4396 servatur

176 4435 328 4490 rarissimo
349 4436 398 4490 illo
419 4451 511 4506 opere
531 4433 681 4488 Turriani.
