3060 5086
716 278 892 334 ,46-

219 457 468 524 Christianorum
492 459 658 544 religione,
682 458 714 523 id
740 459 826 543 quod
850 460 926 525 item
950 460 1085 546 legimus
1109 459 1196 546 apud
1220 459 1405 525 Tertullia-

219 586 292 631 num
326 567 422 651 (apol.
447 566 468 631 5
492 573 524 631 et
550 567 603 646 13)
637 573 669 631 el
693 565 863 650 Origenem
900 570 940 648 (c.
967 566 1050 632 Cels.
1075 568 1131 644 IV,
1157 568 1223 647 32).
1272 567 1407 632 Contra

217 674 382 740 Decianae
405 674 470 739 iam
494 681 580 740 certe
597 675 822 758 persecutioni,
847 693 910 757 qua
928 674 1113 758 Christiani,
1138 675 1165 740 si
1188 673 1406 760 imperatoris

218 782 313 864 genio
337 782 522 848 sacrificare
546 782 747 859 recusabant,
781 801 851 846 cum
885 780 993 847 laesae
1027 783 1205 848 maiestatis
1230 788 1300 846 tum
1328 781 1405 846 reli-

217 889 322 974 gionis
347 889 478 954 crimine
501 888 708 971 necabantur,
734 889 885 953 convenit
908 909 1023 955 nomen
1041 888 1179 973 ἀσεβῶν,
1203 889 1265 956 nisi
1284 889 1405 974 ipsum

218 997 280 1062 hoc
303 997 388 1081 sapit
411 996 634 1081 Porphyrium,
670 995 828 1078 siquidem
852 997 1149 1078 Wilamowituius1)
1174 998 1265 1062 initio
1293 999 1402 1064 Euse-

218 1105 333 1170 bianae
357 1103 613 1188 praeparationis
629 1103 838 1186 evangelicae
863 1107 906 1189 (p.
923 1103 972 1168 4d
998 1104 1070 1187 Vig.
1087 1105 1172 1188 sqq.)
1197 1105 1301 1169 latere
1321 1105 1405 1169 Por-

218 1210 377 1296 phyriana
412 1211 546 1276 crimina
580 1209 719 1293 quadam
743 1210 972 1294 probabilitate
996 1211 1136 1277 ostendit
1159 1212 1268 1294 ibique
1294 1233 1330 1296 p.
1350 1211 1404 1276 ba

218 1318 391 1384 Christiani
419 1319 495 1383 item
530 1316 678 1383 dicuntur
711 1318 914 1398 πανταχόθεν
948 1323 1160 1398 δυσσεβεῖς
1184 1320 1246 1383 καὶ
1269 1317 1402 1384 ἄθεοι.

218 1426 319 1493 Simul
344 1431 449 1491 autem
478 1432 619 1492 nostrum
647 1426 797 1492 miserere
826 1427 980 1491 sentimus
1012 1425 1303 1509 innumerabilium,
1345 1426 1404 1508 qui

218 1533 383 1618 suppliciis
416 1533 674 1615 cruciatibusque
708 1533 909 1617 afficiantur,
943 1553 1013 1598 oum
1050 1533 1210 1599 Christum
1246 1534 1330 1600 uelit
1365 1531 1401 1597 id

216 1640 449 1727 prohibiturum
472 1640 572 1706 fuisse
596 1642 679 1705 iusto
704 1640 774 1707 loco
798 1660 833 1707 se
858 1639 1106 1724 manifestando,
1140 1660 1200 1706 neo
1224 1661 1300 1722 non,
1335 1640 1401 1706 etsi

217 1749 324 1814 verbis
346 1748 505 1814 Christum
528 1754 664 1834 spectat,
698 1749 798 1833 ipsius
823 1768 949 1832 quoque
973 1750 1070 1814 animi
1093 1749 1286 1814 sententiam
1322 1769 1401 1834 pro·

217 1856 326 1921 tulisse
357 1854 493 1938 videtur,
530 1875 602 1922 cum
631 1855 679 1920 bis
711 1855 757 1920 ita
780 1854 919 1921 iudicat:
955 1856 1032 1920 οὐδὲ
1055 1855 1116 1935 γὰρ
1140 1861 1204 1940 θεῷ
1229 1856 1401 1932 δήπουθεν

218 1962 367 2043 ἀρεστόν,
402 1959 471 2027 ἀλλ’
508 1961 600 2026 οὐδὲ
624 1961 818 2047 ἀνθρώπῳ
843 1967 994 2048 συνετῷ
1021 1963 1163 2042 πολλοὺς
1188 1967 1227 2026 δι’
1253 1963 1400 2044 carcub

217 2076 288 2150 ταῖς
324 2069 479 2154 ἀνωτάτω
511 2071 674 2149 τιμωρίαις
709 2071 930 2150 ὑποβληθῆναι
964 2070 1030 2152 (23,
1058 2070 1193 2153 liisqq.)
1230 2076 1262 2135 et
1294 2075 1399 2136 τοῦτο

218 2178 308 2244 δὀὐκ
331 2176 421 2244 ἄξιον
445 2180 520 2240 θεοῦ
544 2177 685 2258 γνώμης,
719 2175 790 2242 ἀλλ’
824 2174 903 2241 οὐδ’
940 2175 1082 2256 ἀνδρὸς
1118 2176 1311 2257 εὐσεβοῦς
1349 2177 1397 2254 εἰς

217 2286 317 2349 αὑτοῦ
341 2284 434 2364 χάριν
458 2285 509 2348 καὶ
532 2285 640 2350 πίστιν
664 2289 787 2365 πλῆθος
810 2283 939 2364 ἀνδρῶν
955 2283 1182 2365 ἀπανθρώπως
1198 2281 1396 2353 κολάζεσθαι

218 2394 305 2475 (162,
323 2394 442 2476 lsqq.).

325 2500 426 2579 Quem
450 2520 526 2566 vero
550 2499 592 2564 ad
616 2499 715 2565 finem
740 2520 844 2584 quove
868 2502 974 2566 animo
999 2507 1065 2566 tam
1096 2501 1212 2566 acriter
1237 2499 1395 2566 Christia-

217 2629 328 2674 norum
352 2608 450 2674 libros
474 2613 506 2672 ct
530 2608 695 2692 opiniones
719 2608 920 2690 refutaverit,
955 2615 1064 2674 noster
1092 2607 1178 2673 nullo
1203 2608 1273 2673 loco
1298 2607 1393 2688 dicit,

218 2715 275 2782 sed
299 2723 331 2781 et
354 2717 479 2780 initium
502 2715 576 2780 libri
600 2715 777 2779 Macariani
800 2715 922 2800 perisse
953 2716 1186 2781 meminerimus
1221 2734 1327 2797 neque
1361 2714 1394 2778 in

217 2825 266 2901 iis,
292 2843 373 2905 quae
397 2822 490 2887 nobis
513 2828 641 2888 servata
664 2828 738 2888 sunt
763 2823 864 2907 ipsius
889 2822 1021 2888 Macarii
1044 2824 1198 2888 interesse
1222 2828 1285 2886 tam
1311 2824 1394 2886 inte-

194 2951 293 3014 gros
316 2930 493 2996 adversarii
527 2929 626 2994 libros
655 2948 814 3014 exponere
839 2949 934 3013 quam
958 2930 1085 3012 singula
1109 2931 1177 2995 eius
1201 2934 1392 3013 argumenta

217 3039 363 3103 insnum
387 3057 477 3102 usum
502 3043 705 3117 convertere;
741 3038 837 3102 immo
871 3036 1035 3117 habemus,
1072 3056 1128 3102 cur
1162 3057 1270 3102 veram
1302 3037 1388 3102 illius

218 3147 323 3230 operis
359 3145 514 3210 rationem
544 3149 640 3227 atque
670 3143 825 3226 originem
850 3144 980 3229 paulum
1005 3144 1209 3210 obscuratam
1234 3152 1386 3210 atroces

217 3251 477 3336 indignabundus
501 3251 821 3334 contumeliosasque,
857 3253 972 3335 quibus
995 3271 1079 3332 nunc
1102 3252 1218 3336 singuli
1243 3271 1267 3317 s.
1292 3251 1388 3335 scrip-

218 3367 309 3425 turae
333 3359 395 3424 loci
419 3359 672 3442 introducuntur,
697 3359 788 3424 initio
814 3360 953 3444 capitum
972 3379 1044 3424 cum
1060 3359 1203 3426 flosculis
1220 3358 1390 3442 dialogicis

218 3467 259 3531 ab
283 3468 351 3550 ipso
370 3466 509 3531 Macerio
533 3472 729 3531 retractante
753 3472 925 3532 exornatas
949 3485 1018 3532 esse
1043 3467 1270 3534 existimemus.
1307 3466 1389 3530 Mira

218 3580 325 3638 tamen
349 3580 381 3638 et
405 3572 491 3658 apud
515 3580 655 3640 nostrum
680 3575 808 3659 saepius
832 3574 976 3658 perlucet
995 3574 1175 3638 aestimatio
1194 3572 1324 3655 Christi,
1350 3571 1390 3636 de

219 3700 280 3762 quo
305 3679 382 3763 quid
405 3668 532 3763 sentiat,
557 3682 676 3766 optime
701 3701 740 3747 ex
765 3702 804 3747 eo
821 3681 1033 3764 cognoscitur,
1059 3679 1145 3763 quod
1170 3678 1334 3746 desiderat
1356 3679 1390 3742 in

219 3789 287 3853 eius
310 3789 450 3871 imagine
473 3787 515 3853 ab
538 3789 746 3873 evangelistis
770 3788 943 3872 descripta.
990 3787 1152 3853 Mirabilia
1184 3793 1291 3852 autem
1322 3787 1390 3850 eius

218 3895 319 3977 facta,
353 3896 467 3977 quibus
491 3893 665 3960 Christiani
697 3896 835 3960 maxime
869 3894 1101 3979 gloriabantur,
1138 3894 1198 3959 etsi
1228 3893 1270 3959 dc
1294 3894 1333 3957 iis
1357 3891 1389 3955 in

219 4003 320 4087 primo
356 4001 437 4066 libro
469 4021 553 4066 nunc
586 4000 755 4086 deperdito
787 4002 932 4086 pluribus
965 4007 1070 4067 actum
1104 4020 1174 4067 esse
1199 3999 1326 4065 videtur
1349 4018 1388 4063 ex

220 4119 433 4129 -μ-ι

327 4181 353 4249 1)
374 4181 514 4236 Zeitschr.
534 4180 553 4234 f.
574 4181 601 4234 d.
621 4179 863 4234 neutestamentl.
884 4178 1063 4234 Wisscuscb.
1085 4178 1099 4231 I
1118 4195 1145 4247 p.
1160 4178 1308 4232 101-105.

326 4271 355 4337 2)
374 4272 461 4324 αὑτὸν
480 4285 541 4324 non
561 4271 656 4335 αὐτὸν,
683 4268 760 4321 sicut
781 4269 895 4322 habent
914 4268 1056 4333 editores,
1077 4267 1239 4336 legendum
1260 4267 1379 4320 videtur

221 4360 363 4430 quoniam
378 4360 474 4426 simili,
496 4373 585 4427 quem
600 4358 743 4425 adnexui,
761 4357 828 4410 loco
848 4359 964 4426 pariter
982 4356 1108 4426 legitur:
1128 4355 1167 4420 εἰς
1186 4359 1290 4410 αὑτοῦ
1310 4355 1387 4421 χάριν

219 4452 264 4504 καί
283 4449 385 4503 πίστιν.
