3060 5086
650 319 823 373 -37..

259 498 358 566 Nihili
383 519 458 564 vero
481 505 564 582 sunt,
590 518 673 581 quae
697 518 753 583 pro
778 497 907 564 Juliano
931 499 1076 565 attulisse
1099 501 1160 565 sibi
1176 497 1319 566 videtur:

151 625 287 687 namque
305 605 383 669 illud
402 604 428 669 ὦ
445 609 556 688 μῦθος,
574 604 600 668 ὦ
618 609 727 687 λῆρος,
745 604 771 669 ὦ
787 606 891 684 γέλως
908 604 1012 684 ὄντως
1030 605 1154 686 πλατύς
1173 608 1241 690 (55,
1257 609 1321 690 ll),

151 732 287 795 quocum
317 712 442 777 confert
470 711 590 789 Julian.
616 734 666 797 ap.
693 711 1001 798 0y1·ill.224D:u
1031 715 1165 793 μέγεθος
1195 713 1321 793 ἀρετῆς,

150 818 176 883 ὠ
200 820 323 900 σοφίας
347 823 500 902 πλοῦτος,
524 819 575 884 vel
599 823 662 899 φεῦ
687 824 744 898 τῆς
769 819 992 902 ἀπαιδευσίας,
1016 824 1080 900 φεῦ
1103 825 1161 901 τῆς
1183 827 1321 901 κωμικῆς

141 926 275 1006 ’πλάνης
301 926 452 1008 (55,16)‚
486 945 568 1008 quae
604 926 744 1011 „optime
777 927 873 990 etiam
903 925 1077 993 exclamari
1107 934 1321 1012 potuerunta

150 1030 311 1114 Juliano“,
344 1033 395 1097 vel
420 1033 627 1098 barbarorum
656 1019 987 1098 commemorationem
1012 1033 1079 1116 (56,
1096 1035 1234 1118 20sqq.)
1258 1056 1321 1100 non

151 1141 252 1225 ipsius
270 1139 467 1233 philosophi
480 1139 536 1206 sed
550 1140 683 1206 Macarii
701 1139 802 1206 vide'ri
819 1160 888 1206 esse
905 1161 1001 1227 supra
1018 1140 1143 1207 ostendi
1156 1144 1187 1218 ¹).
1228 1139 1320 1221 Quod

151 1255 257 1313 autem
283 1248 429 1315 Julianus
452 1248 542 1312 initio
567 1247 672 1332 operis
697 1251 741 1333 (p.
755 1248 837 1312 39Α
851 1247 939 1332 Gyr.)
954 1249 1125 1333 pollicetur
1141 1269 1176 1314 se
1193 1248 1322 1314 demon·

150 1361 324 1422 straturum
358 1375 437 1438 esse,
471 1354 520 1419 ὅτι
544 1358 610 1420 τῶν
639 1355 815 1420 Γαλιλαίων
838 1355 857 1434 ἡ
882 1356 1043 1435 σκευωρία
1067 1357 1200 1436 πλάσμα
1223 1356 1322 1431 ἐστίν,

150 1482 288 1546 quocum
313 1463 520 1529 Neumannus
544 1468 709 1546 comparat
737 1463 837 1528 nostri
869 1463 947 1529 illud
980 1463 1007 1527 εἰ
1031 1464 1071 1543 μὴ
1096 1463 1228 1543 πλάσμα
1251 1485 1321 1540 τυγ-

150 1569 250 1652 χάνει,
284 1569 329 1648 ὡς
362 1569 453 1649 ἡμεῖς
487 1570 707 1649 σαφηνίζομεν
741 1569 807 1652 (56,
837 1572 889 1650 10)
924 1569 1172 1654 haudquaquam
1205 1569 1239 1635 id
1273 1576 1322 1636 est

151 1677 271 1744 Juliani
288 1677 461 1762 proprium,
479 1683 511 1741 et
527 1675 626 1756 ὕθλος
640 1677 814 1757 καπηλικάς
833 1677 898 1759 (55,
912 1679 946 1758 2)
962 1677 1116 1743 sollemne
1129 1686 1177 1744 est
1191 1677 1322 1743 verbum

152 1783 322 1870 superbiae
336 1783 596 1870 philosophorum
611 1785 661 1850 rel
676 1783 835 1850 hominum
848 1785 1070 1867 litteratorum,
1085 1784 1171 1869 quod
1184 1787 1321 1870 repperi,

152 1899 187 1958 ut
211 1893 359 1977 exempla
391 1892 606 1975 aife1·am„in
630 1891 759 1957 Libanii
784 1893 876 1977 epist.
902 1893 1047 1973 xviim)
1076 1898 1108 1958 et
1136 1892 1222 1978 apud
1246 1894 1322 1957 Por-

152 2000 301 2086 phyrium
336 1998 377 2066 de
413 2000 562 2084 Origenis
596 2000 639 2065 ad
669 1999 882 2066 Christianam
917 1999 1104 2084 religionem
1140 1998 1322 2065 defectione

152 2093 334 2191 querentem
345 2109 383 2190 ⁸).
431 2108 577 2190 Denique
611 2107 697 2191 inde,
732 2105 817 2191 quod
849 2108 881 2172 in
914 2105 1020 2172 medio
1054 2105 1160 2174 indice
1189 2107 1323 2174 Macarii

153 2215 233 2280 libro
258 2215 308 2279 ΙΙΙ
333 2213 366 2279 in
397 2214 509 2280 codice
533 2214 720 2281 Atheniensi
753 2215 901 2300 praefixo
933 2215 1067 2298 legitur:
1101 2215 1213 2294 ἑτέρας
1247 2215 1322 2279 ὑπο-

153 2321 276 2398 θέσεως
301 2318 381 2399 ἀρχὴ
406 2320 441 2383 ἐκ
469 2323 535 2386 τῶν
568 2320 716 2400 πράξεων
753 2323 802 2385 καὶ
834 2324 892 2386 τοῦ
926 2320 1125 2405 ἀποστόλου,
1161 2320 1322 2387 lulianum

151 2433 258 2492 autem
283 2426 363 2492 libro
380 2426 414 2490 11
438 2426 478 2491 de
503 2427 753 2510 evangeliorum,
777 2428 858 2492 libro
874 2427 925 2491 III
943 2427 983 2491 de
1008 2427 1154 2511 apostoli,
1179 2434 1213 2490 ut
1233 2425 1325 2490 aiunt

152 2540 277 2600 veteres
300 2540 419 2620 patres,
444 2533 523 2601 locis
548 2533 652 2617 egisse
677 2532 840 2598 existimat
862 2533 1080 2616 Neumannus‚
1105 2534 1321 2601 coniecturam

151 2641 287 2708 fortasse
311 2641 420 2708 iacere
445 2648 553 2707 censat
576 2641 675 2707 licere
699 2640 740 2704 de
764 2640 812 2706 his
829 2640 948 2710 Juliani
972 2640 1061 2705 libris
1076 2639 1212 2724 perditis
1233 2637 1319 2723 apud

151 2748 326 2813 Macarium
350 2748 533 2814 latentibus.
581 2747 644 2813 Sed
663 2749 725 2814 iam
742 2768 839 2833 supra
856 2747 1102 2813 commemoravi
1119 2749 1162 2832 (p.
1180 2748 1233 2826 10)
1250 2766 1321 2811 mea

151 2855 299 2940 opinione
322 2853 446 2921 indices
469 2854 541 2921 illos
565 2854 686 2938 codicis
703 2855 907 2921 Atheniensis
930 2854 1047 2920 nullius
1071 2873 1141 2921 esse
1164 2852 1259 2940 pretii
1284 2859 1317 2918 ut
1391 2915 1398 2932 ,

151 2963 359 3049 posteriorum
384 2962 604 3030 additamenta
621 2984 660 3029 ac
675 2983 715 3028 ne
733 2969 847 3046 quarto
864 2962 993 3046 quidem
1009 2962 1041 3026 in
1058 2962 1139 3027 libro
1156 2960 1199 3026 ad
1222 2961 1321 3026 tinem

151 3069 214 3135 iam
239 3069 279 3135 de
304 3070 400 3137 certis
424 3091 448 3137 s.
466 3071 644 3155 scripturae
668 3071 747 3136 locis
770 3069 825 3154 agi
849 3107 891 3117 --
916 3068 994 3152 quid
1017 3068 1116 3153 igitur
1140 3069 1180 3134 de
1209 3068 1321 3152 quinto

152 3179 348 3261 suspicemur
372 3176 563 3262 deperdito?

258 3285 423 3351 Neminem
457 3284 555 3366 igitur
590 3302 708 3364 eorum,
745 3283 786 3348 de
822 3283 936 3366 quibus
970 3282 1122 3348 nonnulla
1157 3288 1320 3369 comperta

154 3384 315 3471 habemus,
332 3387 410 3454 fidei
424 3388 625 3454 Christianae
639 3397 906 3474 oppugnatorum,
924 3389 1084 3456 Macarius
1100 3388 1319 3456 adversarium

152 3494 212 3560 sibi
228 3496 400 3580 sumpsisse
416 3493 544 3560 videtur
560 3502 688 3580 praeter
705 3495 933 3582 Porphyrium:
959 3495 1094 3582 proinde
1114 3497 1322 3580 inquiramus,

153 3609 256 3666 utrum
292 3601 376 3667 hunc
410 3603 513 3689 ipsum
548 3609 726 3669 statuamus
750 3601 884 3668 Macarii
917 3611 1081 3669 auctorem
1114 3625 1155 3668 an
1185 3604 1323 3686 aliquem

152 3711 340 3794 scriptorem
366 3711 535 3793 Graecum,
560 3708 600 3775 de
625 3729 686 3791 quo
711 3709 789 3774 nihil
813 3709 905 3775 nobis
928 3710 970 3775 sit
993 3710 1156 3776 traditum.

260 3909 286 3975 1)
306 3906 349 3962 Ol.
370 3924 397 3977 p.
411 3906 446 3960 20
455 3921 499 3976 sq.

258 3996 285 4060 2)
305 3994 349 4050 Gi.
369 4001 399 4051 et
423 4000 483 4051 not.
498 3995 533 4050 18
556 3995 626 4049 huic
655 3996 804 4066 epistulae
833 3994 967 4050 additam
996 3995 1028 4048 in
1057 3994 1189 4050 editione
1217 3994 1325 4050 Ioann.

153 4082 356 4155 christophor.
374 4085 476 4140 Woltii
496 4084 669 4150 (Amstelod.
690 4085 778 4149 1738).

259 4172 287 4240 3)
308 4173 340 4226 ln
361 4174 412 4229 ΙΙΙ.
433 4175 508 4228 libro
534 4176 606 4228 κατὰ
624 4173 800 4243 Χριστιανῶν
828 4175 996 4243 conscripto
1021 4173 1170 4228 Eusebius
1197 4174 1228 4228 in
1257 4174 1323 4228 hist.

153 4262 224 4316 eccl.
245 4261 285 4316 Vl
305 4261 346 4315 19.
366 4262 382 4316 l
402 4262 440 4332 (p.
454 4263 506 4318 263
526 4264 627 4329 Diod.)
647 4265 689 4318 ait
708 4279 778 4318 eum
799 4264 837 4319 de
857 4262 989 4332 Origene
1014 4263 1140 4318 dixisse:
1168 4264 1270 4318 ἑαυτόν
1293 4279 1324 4316 τε

153 4353 197 4402 καί
216 4352 269 4415 τήν
289 4351 397 4416 ἐντοῖς
416 4353 508 4416 λόγοις
527 4355 582 4408 ἕξιν
600 4353 801 4420 ἐκαπήλευσεν.
