3060 5086
660 298 834 352 ...53-

160 479 273 558 ὀφθεὶς
297 479 565 562 ἐπιφανέστατος,
601 477 658 544 sed
691 479 804 543 mirum
838 479 869 542 in
905 475 1034 544 modum
1068 478 1179 564 oppidi
1213 483 1331 546 nomini

161 584 267 651 addit:
293 589 351 650 νῦν
376 588 411 650 δὲ
426 587 601 666 Ποτιόλοις
625 586 814 670 καλουμένῃ.
853 584 922 663 Quo
948 584 1179 670 additamento,
1203 589 1229 652 si
1256 588 1331 669 quid

159 692 265 776 video,
300 693 470 759 manifesto
494 693 710 778 Porphyrium
742 692 1026 778 deprehendimus3
1052 695 1168 759 etenim
1192 701 1331 779 praeter-

160 819 255 883 quam
279 798 363 883 quod
387 801 414 865 is
431 799 569 883 quodam
593 800 665 865 libri
691 822 724 864 π.
751 799 876 879 ἀποχῆς
892 799 1047 880 ἐμψύχων
1071 802 1114 865 Il.
1129 801 1214 885 loco,
1239 820 1331 884 quern

159 907 228 992 ipse
253 906 379 972 videtur
403 907 570 973 effinxisse
600 909 644 992 (p.
671 909 710 972 17
718 907 750 990 9,
779 908 817 971 15
841 906 972 988 Nauck)
1006 909 1119 986 similis
1152 908 1248 974 studii
1277 929 1332 974 no·

159 1015 277 1079 minum
303 1014 359 1081 dat
382 1015 619 1098 documentum,
645 1035 716 1080 cum
740 1014 873 1080 scribat:
899 1015 934 1080 ἐν
959 1016 994 1079 δὲ
1017 1021 1054 1100 τῇ
1080 1019 1139 1082 νῦν
1163 1019 1331 1100 Σαλαμῖνι,

159 1123 319 1202 πρότερον
337 1124 372 1187 δὲ
390 1124 544 1202 Κορωνίδι
561 1122 792 1207 ὀνομαζομένῃ,
822 1123 902 1204 quis,
927 1123 1066 1205 inquam,
1091 1125 1122 1187 iu
1141 1123 1201 1190 hoc
1224 1126 1332 1189 Δικαι-

160 1231 289 1309 αρχείας
314 1230 365 1295 vel
388 1230 560 1297 Ποτιόλων
588 1231 715 1295 nomine
744 1229 884 1296 haeserit
912 1229 974 1294 nisi
999 1231 1206 1316 Porphyrius,
1243 1233 1333 1298 cuius

160 1338 314 1421 magister
347 1336 573 1404 dilectissimus
607 1357 707 1423 prope
731 1337 882 1403 Puteolos
915 1338 981 1402 vita
1013 1336 1207 1422 decesserat,
1244 1341 1334 1405 cuius

160 1445 293 1526 amicus,
318 1445 372 1526 qui
396 1444 522 1509 absenti
539 1443 668 1510 ultimos
693 1444 733 1509 de
757 1443 812 1511 illo
832 1445 959 1509 nuntios
976 1444 1138 1522 attulerat,
1163 1445 1333 1512 habitabat

161 1551 314 1634 Puteolis,
339 1557 373 1617 ut
397 1552 465 1636 ipse
490 1558 602 1617 auctor
625 1553 729 1618 estin
752 1553 809 1618 vit.
834 1550 956 1616 Plotin„
975 1571 1003 1616 c.
1027 1553 1070 1616 2?

265 1659 372 1723 Alium
396 1660 493 1724 etiam
519 1657 703 1742 terminum,'
727 1665 799 1744 post
823 1678 916 1742 quem
941 1657 1151 1745 philosophus
1174 1661 1333 1726 Macaria-

160 1786 218 1832 nus
242 1767 436 1850 scripsisset,
470 1787 511 1832 ex
534 1766 604 1852 ipso
629 1766 890 1852 adipisceremur,
926 1767 953 1832 si
983 1765 1059 1849 quid
1085 1767 1202 1832 certius
1231 1767 1272 1834 de
1296 1788 1333 1834 eo

161 1881 305 1958 tempore
348 1880 545 1959 compertum
587 1873 786 1956 haberemus,
828 1894 891 1957 quo
929 1871 1104 1939 Christiani
1144 1875 1334 1960 templorum

72 2017 75 2024 ·
162 1981 308 2066 exemplo
333 2001 467 2066 magnas
491 1981 590 2047 aedes
614 2001 722 2047 sacras
750 1980 929 2047 aedificare
955 1987 1140 2066 coeperunt.
1188 1982 1336 2065 Namque

163 2108 244 2171 quae
261 2088 464 2154 adversarius
481 2089 591 2154 scribit
608 2111 640 2174 p.
657 2090 731 2166 201,
754 2089 788 2153 5:
814 2086 897 2152 ἀλλὰ
914 2088 965 2152 καὶ
979 2088 1009 2152 oi
1025 2088 1211 2166 Χριστιανοὶ
1228 2088 1336 2168 μιμού-

163 2216 252 2274 μενοι
276 2196 334 2277 τὰς
358 2197 559 2274 κατασκευὰς
582 2201 647 2260 τῶν
665 2199 753 2260 ναῶν
770 2196 942 2275 μεγίστους
968 2194 1079 2276 οἴκους
1098 2196 1335 2280 οἰκοδομοῦσιν,

162 2302 207 2380 είς
232 2303 290 2381 οὓς
314 2303 482 2382 συνιόντες
506 2303 663 2382 εὔχονται,
687 2296 719 2366 ni
743 2302 848 2385 fallor,
886 2300 926 2366 de
950 2303 1071 2368 recenti
1101 2321 1189 2367 more
1214 2301 1335 2368 dictum

162 2408 299 2492 videtur,
334 2416 366 2474 et
389 2411 452 2475 iam
477 2410 708 2492 Tillemontius,
743 2411 832 2474 cuius
857 2408 956 2474 verba
979 2410 1123 2474 invenies
1147 2409 1233 2494 apud
1258 2409 1333 2475 Oru-

161 2515 243 2583 sium
268 2517 301 2597 (l.
326 2517 346 2581 l.
372 2517 470 2600 Migo.
499 2522 573 2583 tom.
598 2517 640 2599 Χ,
665 2537 696 2600 p.
717 2516 801 2580 1360
818 2518 838 2596 ἓ
855 2515 928 2598 ΧΙ),
958 2536 998 2581 ex
1022 2516 1085 2582 illis
1108 2517 1214 2582 verbis
1238 2518 1334 2602 scrip·

162 2625 240 2689 toris
264 2630 403 2690 aetatem
429 2644 477 2689 ca.
503 2623 642 2689 medium
665 2645 690 2689 s.
716 2623 766 2688 ΙΙΙ
791 2628 959 2705 statuerat,
994 2642 1075 2704 quae
1100 2630 1190 2690 aetas
1215 2623 1335 2708 optime

162 2730 415 2816 Porphyrianae,
451 2751 547 2813 quam
578 2729 769 2814 quaerimus,
807 2731 957 2795 convenit
967 2732 1002 2809 1λ.
1050 2730 1158 2795 Pauca
1187 2731 1335 2800 sanede

162 2839 223 2903 hac
246 2838 381 2903 materia
405 2837 608 2904 inveniuntur
633 2840 663 2903 in
689 2836 897 2924 compendiis.
937 2839 1084 2915 Ioannes¹
1098 2836 1138 2902 de
1162 2837 1334 2922 Schubert,

162 2946 316 3028 magister
344 2945 639 3030 reverendissimus,
674 2947 815 3026 incocti)
838 2946 1037 3030 temporibus
1061 2944 1192 3011 Minucii
1216 2945 1335 3012 Felicis

163 3055 348 3119 taeterrima
371 3055 480 3120 vocari
505 3056 647 3139 potuisse
671 3054 813 3120 sacraria
831 3053 1083 3118 Christianorum
1100 3052 1226 3133 (Oetam
1245 3073 1271 3118 c.
1290 3056 1334 3136 9),

162 3160 219 3227 sed
244 3163 359 3245 quietis
383 3161 579 3246 temporibus
602 3181 626 3226 s.
645 3162 694 3225 ΙΙΙ
710 3162 893 3226 innumeras
917 3166 1004 3226 certe
1028 3159 1126 3225 aedes
1150 3180 1258 3226 sacras
1283 3181 1335 3226 ex·

162 3275 301 3334 structas
331 3289 411 3350 esse,
447 3288 562 3333 nomen
590 3274 696 3333 autern
728 3268 917 3352 templorum
946 3269 1001 3335 vix
1031 3274 1106 3332 ante
1135 3267 1334 3334 Constantini
1450 3315 1453 3320 -

163 3396 276 3440 aevum
301 3376 554 3460 percrebruisse;
586 3375 743 3449 conferas,
775 3375 882 3458 etiam,
908 3395 990 3458 quae
1014 3375 1171 3440 Eusebius
1195 3374 1236 3440 de
1259 3382 1335 3440 tem-

164 3484 304 3569 poribus,
323 3502 404 3565 quae
422 3484 653 3548 antecesserint
670 3484 925 3567 persecutionem
943 3483 1208 3566 Diocletianeam,
1226 3491 1335 3548 narrat

162 3592 195 3654 iu
223 3590 294 3656 hist.
330 3591 407 3656 eccl.
442 3590 531 3675 VIlI,
569 3593 584 3661 1
619 3594 662 3676 (ρ.
689 3591 753 3657 349
778 3589 905 3672 Diud.):
939 3591 997 3669 τάς
1028 3612 1062 3655 τε
1092 3591 1270 3670 ἐπισήμους
1300 3591 1336 3657 ἐν

162 3703 232 3777 τοῑς
256 3700 521 3778 προσευκτηρίοις
546 3698 741 3780 συνδρομάς,
766 3697 812 3763 ὧν
837 3699 875 3775 δὴ
899 3697 993 3762 ἕνεκα
1018 3701 1170 3776 μηδαμῶς
1195 3698 1241 3762 ἔτι
1264 3703 1334 3776 τοῖς

164 3809 314 3883 παλαιοῖς
332 3805 583 3884 οἰκοδομήμασιν
600 3805 790 3885 ἀρκούμενοι
807 3804 932 3884 εὐρείας
949 3803 995 3884 είς
1006 3805 1128 3884 πλάτος
1146 3805 1208 3870 ἀνὰ
1225 3805 1335 3885 πάσας

167 3943 379 3952 ——-—-—.—.——.

272 4020 297 4085 1)
319 4021 405 4084 Quod
425 4027 527 4075 autem
547 4019 669 4076 Orusius
689 4022 719 4076 id
739 4021 876 4076 refellere
896 4021 953 4075 sibi
972 4021 1101 4090 videtur,
1130 4022 1209 4076 elato
1235 4022 1336 4076 discri-

165 4111 244 4162 mine
264 4111 419 4164 nominum
438 4116 517 4165 ναῶν
538 4126 728 4180 paganorum
748 4114 778 4165 et
797 4111 882 4164 οἴκιυν
903 4109 1149 4177 Christianorum,
1170 4127 1223 4180 pro
1244 4112 1336 4166 nihilo

165 4199 339 4252 habendum
368 4203 421 4266 cst,
452 4202 523 4270 quia
552 4201 766 4270 gravissimum
794 4201 923 4256 verbum
953 4201 1116 4268 μιμούμενοι
1148 4202 1237 4271 plane
1268 4216 1336 4270 sup·

166 4290 282 4358 pressit.
464 4281 473 4298 ⁶

271 4379 298 4442 2)
319 4376 455 4432 Moellers
468 4377 628 4433 Lehrbuch
643 4380 696 4434 der
707 4379 941 4450 Kirchengcsch.
959 4381 980 4436 1.
992 4380 1064 4436 Teil.
1088 4379 1155 4437 Neu
1169 4381 1338 4436 bearbeitet

167 4484 227 4523 von
247 4485 275 4522 v.
290 4465 445 4536 Schubert,
465 4484 491 4537 p.
506 4467 567 4521 349.
