3052 5090
657 318 833 370 ...39-

157 497 199 562 ad
222 496 363 562 divinam
379 503 496 563 sortem
515 496 698 563 vindicandi
721 503 817 580 atque
834 496 918 562 idem
937 497 1104 581 theurgiae
1121 499 1329 582 omnibusque

157 605 279 670 artibus
304 610 336 669 et
360 605 477 670 fabulis
502 605 665 688 religionis
689 605 837 689 publicae
869 624 999 689 operam
1034 603 1159 670 dederit
1192 605 1331 671 oraculis

159 710 302 778 collectis
326 731 365 777 ao
389 712 567 777 simulacris
591 712 835 795 nominibusque
859 711 989 777 deorum
1014 713 1214 797 popularium
1233 712 1331 797 expli·

157 817 251 901 catis,
289 820 352 883 iam
386 839 461 884 vero
495 819 634 904 epistula
658 818 698 883 ad
725 819 912 884 Anebonem
942 818 1021 884 data
1054 821 1160 885 omnia
1183 821 1216 884 in
1240 819 1329 884 dubi·

157 925 313 991 tationem
337 927 472 1009 vocarit,
497 936 618 991 aut-
643 927 726 991 sicut
751 926 1015 992 Wilamowitzius
1039 927 1192 1006 monuit¹)
1214 927 1332 992 aetatis

157 1038 323 1099 contortae
361 1043 458 1117 atque
494 1032 642 1100 difficilis
678 1033 838 1098 hominum
873 1032 1139 1100 difficillimorum
1173 1033 1331 1099 rationem

159 1139 340 1207 habendam
365 1159 436 1206 esse
460 1157 509 1186 -—·
527 1141 580 1225 pie
604 1138 791 1206 studeamus
814 1140 1001 1224 intellegere
1025 1141 1090 1206 tale
1112 1141 1284 1225 ingenium.

268 1248 335 1312 lam
361 1260 590 1332 cognoscemus
614 1246 772 1312 hominem
797 1267 919 1313 summo
932 1249 1073 1332 vingenio
1090 1247 1271 1335 praeditum
1292 1269 1332 1314 ac

157 1374 232 1420 vere
257 1355 452 1439 religiosum,
477 1356 530 1438 qui
555 1355 644 1419 initio
669 1355 737 1420 viro
767 1355 981 1439 κριτικωτάτῳ
1007 1355 1157 1422 addictus
1182 1355 1330 1439 Longino

157 1467 258 1528 totum
284 1461 460 1527 litterarum
475 1462 670 1527 Graecarum
695 1481 842 1527 emensus
865 1469 913 1527 est
929 1463 1083 1528 ambitum
1093 1465 1118 1544 ²)
1135 1470 1166 1527 et
1185 1462 1247 1527 iam
1264 1469 1331 1527 tum

155 1589 221 1634 non
245 1575 388 1634 extremo
412 1570 483 1634 loco
511 1575 657 1634 naturam
686 1576 718 1632 et
752 1569 947 1634 voluntatem
982 1569 1112 1635 deornm
1149 1590 1187 1635 ex
1222 1590 1331 1635 eorum
1444 1623 1448 1630 .

160 1677 308 1760 oraculis,
336 1676 438 1742 cultus
462 1675 527 1741 vim
552 1696 590 1741 ao
614 1676 853 1741 simulacrorum
871 1697 911 1741 ex
930 1676 1051 1742 tradita
1067 1677 1231 1761 theologia
1248 1677 1331 1742 Stoi·
1427 1721 1429 1724 -

161 1785 303 1862 commi)
336 1783 513 1869 comperire
545 1782 683 1864 studuit,
718 1781 834 1848 deinde
859 1782 982 1848 Romae
1011 1804 1082 1849 cum
1107 1783 1233 1848 Plotino
1258 1802 1331 1849 con·

162 1910 290 1974 gressus
314 1911 372 1975 pro
396 1911 453 1956 suo
478 1891 588 1974 vigore
612 1890 732 1974 ingenii
757 1889 812 1954 diu
832 1890 923 1956 novis
940 1891 1106 1956 sententiis
1122 1891 1331 1971 reluctatum)

160 2017 261 2080 eoque
285 1998 421 2063 fortasse
445 2004 589 2083 tempore
612 2018 686 2065 suas
711 1997 751 2061 de
777 2017 900 2063 summa
926 1997 1089 2083 theologia
1114 1999 1332 2064 dubitationes

160 2105 338 2189 sapientiae
362 2105 589 2190 Aegyptiacae
622 2103 848 2172 diiudicandae
881 2104 980 2170 tradit
1014 2106 1152 2190 epistula
1181 2105 1223 2171 ad
1248 2107 1332 2170 Ane-

159 2212 272 2277 bonem
297 2212 416 2294 missa,
441 2220 507 2277 tum
532 2213 650 2278 Plotini
674 2211 843 2278 devinctus
864 2211 991 2279 videtur
1006 2212 1212 2298 philosophia
1227 2233 1332 2296 neque

158 2325 265 2384 tamen
289 2319 429 2385 abstinet
453 2321 592 2406 propriis
615 2321 782 2385 sententiis
799 2340 869 2385 cum
887 2321 1099 2404 pertinacia5)
1115 2319 1328 2402 oblectandis,

156 2445 219 2508 quo
243 2433 397 2513 tempore,
423 2445 506 2510 quac
530 2428 618 2512 prius
642 2428 673 2491 in
698 2426 814 2492 litteris
838 2427 1073 2508 elaboraverat,
1099 2447 1138 2492 ea
1162 2448 1233 2492 cum
1258 2428 1331 2492 Plo·

156 2534 286 2601 tiniaois
311 2535 505 2620 coniungere
527 2533 637 2601 studet
661 2532 817 2617 allegoria
833 2533 865 2598 in
883 2533 1013 2599 Homeri.
1034 2535 1330 2619 interpretationem

159 2641 250 2707 illata
274 2649 306 2707 et
330 2643 467 2709 oraculis
493 2641 687 2723 Chaldaicis,
719 2661 801 2724 quae
825 2640 984 2724 dicuntur,
1022 2642 1054 2705 in
1087 2639 1330 2726 theologiam⁶);

264 2784 291 2854 1)
311 2784 419 2838 Ztschr.
440 2785 460 2838 f.
480 2783 721 2839 neutestamentl.
740 2783 921 2838 Wissensch.
942 2783 955 2836 l
975 2784 1066 2849 (1900)
1086 2801 1114 2854 p.
1127 2784 1185 2862 105.

263 2873 290 2941 2)
311 2873 421 2928 Videas
449 2873 684 2928 innumerabilia
713 2875 778 2928 eius
810 2888 902 2943 opera
933 2874 1141 2942 grammatica,
1172 2873 1332 2942 rhetorica,

157 2965 281 3031 musica,
300 2964 441 3018 historica
460 2965 543 3034 apud
562 2964 750 3019 Holstenium
771 2964 788 3017 l.
803 2964 819 3017 l.
840 2980 864 3018 c.
880 2963 942 3024 VII,
963 2980 990 3033 p.
1004 2964 1109 3033 32sqq.
1132 2968 1161 3018 et
1174 2962 1331 3038 Wolitium

156 3053 173 3107 l.
188 3053 205 3106 l.
225 3069 253 3122 p.
268 3052 371 3123 14sqq.

263 3143 291 3212 3)
309 3143 375 3198 Hoc
396 3145 475 3198 enim
503 3144 569 3199 loco
598 3145 660 3209 περί
689 3144 858 3210 ἀγαλμάτων
886 3143 996 3198 librum
1019 3145 1099 3198 inter
1120 3143 1331 3212 Porphyriana

156 3233 269 3302 scripta
288 3233 409 3302 colloco,
430 3249 468 3288 ex
489 3248 548 3303 quo
568 3233 757 3287 Boertalerus
777 3234 835 3287 hoc
856 3235 1037 3302 opusculum
1064 3234 1207 3287 tractavit
1226 3233 1332 3286 disser-

156 3322 272 3376 tatione
291 3323 469 3392 Erlangensi
490 3323 562 3376 anni
583 3321 660 3390 1903,
678 3337 756 3392 quae
776 3321 964 3376 inscribitur:
990 3321 1201 3392 ,Porphyrius’
1222 3319 1332 3376 Schrift

157 3427 184 3463 v.
205 3410 231 3464 d.
252 3409 504 3466 thte1·bildern‘¹.

263 3500 292 3567 4)
312 3499 354 3555 Ol.
376 3501 426 3554 vit.
446 3501 555 3554 Plotin.
577 3515 600 3554 c.
615 3499 657 3555 18.

264 3588 291 3656 5)
311 3587 355 3644 Of.
370 3592 420 3643 vit.
436 3590 543 3644 Plotin.
559 3590 637 3643 eis:
651 3593 756 3656 τριῶν
774 3593 860 3653 γοον
878 3589 1016 3656 ἡμερῶν
1035 3590 1117 3656 ἐμοο
1130 3590 1331 3658 Πορφυρίου

157 3679 411 3747 ἐρωτήσαντος,
441 3683 501 3743 πῶς
529 3682 546 3744 ἢ
575 3681 651 3746 φυχὴ
671 3679 808 3746 παρέσται
828 3683 870 3746 τῷ
891 3679 1010 3747 σώματι,
1038 3680 1245 3747 παρέτεινεν
1265 3681 1331 3734 ἀπο-

157 3770 265 3833 δεικνὺς
285 3772 341 3822 κτλ.
364 3799 394 3806 -
415 3769 570 3838 inspicias,
591 3784 713 3838 quaeso,
734 3768 966 3839 pulcherrimam
988 3785 1111 3840 quoque
1130 3770 1251 3826 scholae
1267 3770 1330 3824 Plo-

156 3859 291 3912 tinianae
303 3859 543 3928 descriptionem,
564 3874 653 3929 quam
668 3857 793 3913 Carolus
808 3857 943 3914 Schmidt
963 3859 1046 3914 dedit
1065 3861 1096 3913 in
1111 3860 1331 3927 dissertatione,

158 3949 207 4001 cui
228 3954 272 4002 cst
291 3949 408 4003 titulus:
432 3949 562 4015 „Plotina
581 3933 719 4018 Stellung
739 3964 808 4002 zum
827 3947 1045 4003 Gnostiaismus
1064 3949 1128 4004 und
1147 3951 1332 4005 kirchlichen

158 4037 376 4093 Christentum¹‘
403 4039 511 4102 (Texte
535 4054 564 4092 u.
585 4037 809 4107 Untersuchgn.
835 4055 859 4092 z.
886 4038 1036 4093 altchristl.
1056 4035 1113 4093 Lit.
1132 4037 1196 4107 XX,
1217 4039 1250 4094 N.
1262 4038 1332 4093 RV

157 4126 260 4196 (1901),
281 4129 410 4182 maxime
429 4145 458 4198 p.
470 4128 504 4182 26
513 4130 596 4196 σουλ.

264 4217 292 4279 6)
312 4215 362 4270 Est
377 4219 456 4271 enim
469 4217 629 4287 Porphyrii
642 4217 730 4272 liber:
751 4217 789 4279 είς
801 4218 837 4270 τὰ
852 4214 943 4286 [sobi]
960 4215 1109 4271 Ἰουλιανοῦ
1123 4222 1173 4270 τοῦ
1189 4217 1329 4270 Χαλδαίου

158 4334 190 4344 -
203 4321 334 4374 namque
348 4321 364 4360 e
380 4304 492 4361 Suidae
507 4307 608 4361 verbis
622 4308 660 4372 εἰς
672 4309 707 4361 τὰ
721 4311 772 4362 τοι)
783 4305 936 4361 Ἰουλιανοῡ
951 4312 1002 4360 τοῦ
1014 4306 1152 4360 Χαλδαίου
1167 4307 1330 4374 φιλοσόφου

157 4393 285 4460 ἱστορίαν
306 4395 335 4448 ἐν
356 4396 466 4460 βιβλίοις
486 4398 509 4449 δ’
531 4395 659 4450 duorum
680 4412 804 4466 operum
833 4396 936 4450 titulos
963 4396 1125 4464 eliciemus,
1157 4396 1331 4464 φιλόσοφον

158 4483 285 4551 ἱστορίαν
314 4485 344 4538 ἐν
376 4484 486 4550 βιβλίοις
515 4488 539 4538 δ’
559 4488 590 4540 et
617 4486 682 4540 illos
710 4488 741 4540 in
771 4484 923 4540 Iulianum
952 4486 1193 4553 commentarios,
1222 4485 1331 4560 quibus
