3052 5090
701 225 877 280 „gp-

202 404 270 470 vita
295 403 502 486 decesserint,
535 403 663 488 singula
686 409 791 469 autem
822 402 909 488 apud
937 423 1035 468 uuum
1065 424 1223 488 quemque
1247 403 1379 470 diversa

201 519 288 576 sunt:
325 531 461 594 namque
488 511 683 596 Augustinus
707 513 739 576 in
763 511 866 576 altera
891 521 1000 577 earum
1025 512 1258 594 quaestionum,
1296 532 1378 594 quas

201 639 298 703 supra
322 617 462 685 diximus
478 639 547 686 csse
570 620 603 684 in
620 618 714 703 epist.
734 619 796 683 102
814 619 927 702 (Mign.
945 619 1118 701 XXXIII),
1144 619 1252 686 multis
1268 620 1378 686 verbis

201 724 414 810 Porphyrium
439 731 539 794 totam
562 725 729 792 historiam
753 733 991 810 percurrentem
1020 726 1101 790 iacit
1130 725 1206 792 inde
1236 748 1256 792 a
1279 727 1376 792 Latio

200 840 362 915 tamquam
397 833 555 918 principio
591 833 721 899 humaui
756 833 893 900 nominis
928 854 986 918 per
1010 833 1125 898 Albam
1156 832 1200 898 ad
1228 834 1376 916 Romam,

200 939 360 1005 dominam
385 940 471 1006 orhie
495 951 661 1024 terrarum,
697 940 740 1006 ad
765 961 859 1023 quam
883 960 923 1005 ne
947 941 1001 1006 lex
1026 940 1153 1023 quidem
1181 941 1374 1006 ludaeorum

200 1054 275 1113 ante
292 1047 438 1114 Caesaris
455 1047 516 1114 Gai
533 1054 678 1134 tempora
695 1050 891 1133 pervenerit;
918 1047 1005 1134 apud
1030 1048 1162 1114 Macarii
1188 1055 1293 1114 autem
1319 1048 1377 1112 ad·

198 1156 372 1220 versarium
397 1155 486 1238 (168,
504 1156 538 1237 5)
572 1154 685 1221 eadem
720 1155 869 1221 videntur
898 1157 998 1222 artius
1029 1161 1196 1222 contracta
1224 1175 1312 1222 esse:
1348 1156 1376 1221 εἰ

198 1266 279 1340 γοῦν
295 1262 347 1332 διὰ
362 1262 440 1342 τοὺς
457 1264 648 1343 κάμνοντας,
665 1263 718 1374 εὡς
735 1264 834 1343 αὐτὸς
852 1264 946 1349 λέγει,
970 1268 1044 1343 ταῖς
1061 1263 1228 1344 ἁμαρτίαις
1245 1264 1377 1343 ἐπέστη,

199 1369 255 1449 ἄρ’
281 1370 351 1434 οὐκ
373 1369 542 1451 ἔκαμνον
565 1372 602 1436 οἱ
625 1372 791 1452 πατέρες
815 1373 920 1451 ἡμῶν
944 1371 1025 1437 οὐδ’
1048 1372 1286 1450 ἐνοσηλεύοντο
1302 1377 1375 1451 ταῖς

199 1476 366 1557 ἁμαρτίαις
394 1477 431 1541 οἱ
460 1478 664 1556 πρόγονος
699 1485 812 1564 postea
843 1499 928 1562 vero,
965 1479 1104 1544 maxime
1129 1479 1204 1545 inde
1234 1501 1254 1544 a
1283 1501 1314 1545 r.
1341 1481 1375 1564 9,

198 1584 261 1650 alio
286 1583 380 1650 modo
403 1585 517 1651 iterum
533 1586 658 1676 r'nflata,
684 1586 862 1652 aMacario
883 1607 961 1653 sane
977 1593 1189 1668 retractante;
1215 1587 1375 1671 Hierony·
1467 1649 1470 1656 .

198 1711 267 1758 mus
292 1711 398 1758 rursus
421 1691 453 1758 in
471 1693 573 1778 epist.
594 1694 666 1776 133,
685 1695 705 1759 9
730 1695 843 1778 (Mign.
861 1694 971 1778 XXII,
991 1695 1089 1774 1157)
1104 1714 1206 1760 novas
1224 1694 1375 1779 regiones

201 1799 471 1882 barbarorumque
495 1800 594 1866 affert
617 1807 739 1884 gentes,
765 1800 821 1868 sed
847 1821 904 1867 sua
928 1802 1027 1867 verba
1051 1801 1128 1866 mihi
1152 1800 1281 1867 videtur
1298 1803 1374 1867 Por·

198 1905 363 1992 phyrianis
388 1905 609 1990 admiscuisse,
646 1928 715 1973 cum
741 1907 911 1973 scriberet:
953 1906 1058 1993 ,quod
1086 1908 1168 1974 solet
1192 1909 1284 1974 nohis
1308 1909 1375 1974 ohi-

197 2031 271 2078 cere
296 2012 505 2099 Porphyrius,
542 2034 605 2096 qua
630 2016 753 2080 ratione
779 2015 919 2080 clemens
948 2023 980 2080 et
1009 2016 1190 2106 misericors
1221 2014 1301 2081 deus
1332 2016 1374 2082 ab

198 2117 304 2189 Adam
322 2139 421 2204 usque
439 2118 480 2184 ad
497 2121 640 2205 Moysem
666 2127 697 2186 et
714 2143 733 2186 a
749 2122 860 2206 Moyse
877 2141 976 2204 usque
1002 2121 1044 2186 ad
1061 2122 1235 2187 adventum
1253 2121 1374 2188 Christi

200 2246 313 2310 passus
336 2228 377 2292 sit
401 2229 567 2294 uniuersas
591 2235 702 2312 gentes
726 2230 830 2314 perire
853 2228 1037 2313 ignorantia
1060 2229 1142 2314 legis
1168 2279 1175 2294 .
1202 2278 1208 2295 .
1235 2279 1242 2294 .
1268 2249 1373 2313 neque

196 2334 280 2398 enim
317 2335 484 2401 Britannia
520 2335 635 2403 fertilis
670 2338 838 2421 provincia
874 2339 1115 2422 tyrannorum¹)
1152 2343 1183 2402 et
1219 2336 1371 2402 Scotieae

195 2448 309 2524 gentes
332 2463 582 2526 omnesque...
607 2445 764 2510 barbarae
788 2447 935 2512 nationes
962 2446 1105 2530 Moysem
1135 2443 1373 2530 prophetasque

197 2554 447 2632 cognoverant.“
1338 2626 1340 2630 ¹

303 2658 372 2724 Hoc
396 2661 495 2742 igitur
521 2680 582 2725 uuo
606 2661 677 2727 loco
701 2681 764 2725 non
788 2661 835 2726 ita
858 2681 909 2727 res
934 2661 1020 2725 clara
1045 2659 1165 2742 evadit,
1190 2659 1233 2725 ad
1258 2665 1369 2724 cetera

194 2788 270 2833 vero
295 2775 483 2850 argumenta
507 2774 603 2849 atque
628 2769 742 2851 omnia,
775 2788 857 2851 quae
880 2769 944 2833 iam
970 2767 1171 2850 contulimus,
1208 2769 1236 2832 si
1260 2786 1371 2852 respe-

196 2870 293 2958 xeris,
329 2881 482 2956 quantum
506 2875 580 2940 fieri
604 2881 711 2958 potest
741 2875 790 2941 his
816 2874 1069 2956 condicionibus,
1106 2875 1276 2959 probatum
1311 2876 1372 2941 erit

195 2982 300 3066 Ipsum
324 2981 538 3066 Porphyrium
563 3001 633 3046 esse
657 2983 854 3066 scriptorem,
881 2983 970 3047 cuius
987 2989 1176 3065 argumenta
1201 2981 1287 3066 apud
1306 2983 1372 3046 Ma-

195 3091 315 3155 carium
339 3089 521 3155 audiantur.
568 3089 682 3172 Neque
714 3091 797 3155 enirn
826 3090 922 3155 ullam
953 3089 1109 3156 habemus
1139 3110 1279 3172 causam,
1316 3110 1373 3155 cur

194 3197 290 3262 alium
308 3197 502 3281 effingamus
520 3196 774 3262 ChrisIIanorum
791 3210 1046 3283 oppugnatorem
1063 3218 1195 3283 prorsus
1212 3197 1370 3281 ignotum,

194 3306 246 3387 qui
273 3303 494 3389 Porphyriaca
518 3302 724 3388 descripserit
749 3303 893 3385 crimina,
930 3305 1122 3389 praesertim
1153 3324 1225 3369 cum
1249 3312 1372 3390 tempo·

193 3432 261 3476 rum
285 3412 473 3494 rationibus
497 3432 577 3496 quas
601 3433 698 3497 supra
722 3414 937 3496 exposuimus,
962 3433 1035 3478 eum
1060 3413 1177 3496 exiguo
1202 3418 1275 3498 post
1294 3414 1370 3478 Por·

193 3519 340 3605 phyrium
365 3521 469 3604 spatio
494 3526 636 3586 statuere
661 3539 859 3602 cogeremur.

299 3618 446 3706 Accedit,
472 3625 567 3709 quod,
601 3627 627 3692 si
653 3626 864 3711 Porphyrium
890 3647 1056 3692 censemus
1080 3634 1244 3692 auctorem
1264 3621 1371 3692 ‘fuisse

83 3749 85 3752 ·
192 3733 334 3816 Macarii,
360 3735 480 3817 optime
497 3752 623 3815 quoque
640 3733 804 3817 eprIcare
822 3753 999 3817 possumus,
1019 3732 1178 3799 undenam
1195 3733 1369 3818 peculiaris

192 3840 273 3904 ratio
298 3840 411 3906 critica
434 3839 572 3906 fortasse
596 3839 629 3904 in
647 3847 809 3905 certamen
826 3839 1011 3906 introducta
1036 3842 1086 3908 sit.
1126 3840 1255 3906 Celsum
1281 3841 1367 3906 enim

191 3965 297 4031 pauca
320 3953 427 4013 nostro
456 3948 657 4032 praestitisse
686 3967 783 4032 supra
806 3948 869 4012 iam
899 3947 1039 4014 vidimus
1068 3970 1099 4033 p.
1124 3949 1166 4013 29
1188 3960 1274 4031 sqq,
1312 3967 1369 4032 ge·

199 4064 411 4072 -..-.--

300 4123 326 4192 1)
346 4123 425 4187 Quid
444 4124 501 4177 hoe
520 4125 576 4177 sibi
597 4124 678 4192 velit,
697 4139 735 4177 ne
750 4123 924 4178 Holstenius
945 4125 1074 4194 quidem,
1095 4126 1147 4194 qui
1167 4126 1197 4178 in
1218 4125 1275 4179 alio
1297 4140 1366 4179 eon·

192 4218 278 4268 textu
299 4213 355 4266 hoc
375 4212 474 4266 attulit
492 4229 519 4283 p.
535 4212 576 4282 18,
596 4214 773 4282 explicavit,
805 4229 862 4283 ego
888 4214 918 4267 id
944 4230 1011 4268 cum
1032 4213 1202 4269 Christiana
1224 4214 1275 4268 illa
1298 4220 1369 4269 tem·

191 4317 298 4371 porum
318 4301 523 4371 dIscriptionc,
543 4316 622 4370 quae
642 4303 742 4355 subito
762 4303 892 4356 occurrit
909 4304 989 4357 iuter
1009 4304 1102 4358 verba
1123 4305 1244 4375 pagani,
1265 4303 1368 4358 Hiero·

191 4405 281 4460 nymo
301 4390 402 4443 maIIm
422 4391 556 4445 tribuere
575 4392 605 4443 in
626 4391 755 4460 epistula
776 4391 815 4444 ad
835 4393 936 4446 neseio
959 4393 1031 4462 quid
1052 4393 1206 4447 alludenti.
