3060 5086
684 735 761 820 Cap.
788 735 826 800 V.

223 933 424 1018 Porphyrii
450 951 539 1015 quae
564 951 609 998 ox
633 932 743 998 libris
768 932 847 996 κατὰ
873 931 1075 1011 Χριστιανῶν
1099 929 1291 996 servantur

393 1040 613 1122 fragmenta,
638 1039 854 1105 Macarianis
879 1038 1120 1123 opponuntur.
1304 1019 1306 1026 ¹

277 1219 328 1286 Ad
353 1227 528 1286 extremum
551 1219 616 1283 iam
650 1223 682 1282 et
711 1237 775 1283 non
799 1217 1006 1298 levissimum,
1041 1234 1104 1298 quo
1128 1212 1343 1299 Porphyrium

58 1333 61 1341 “
171 1328 394 1413 comprobetur
418 1327 551 1392 Macarii
575 1325 674 1391 fuisse
699 1331 872 1407 auctorem,
908 1343 968 1390 nos
998 1324 1223 1388 convertamus
1250 1340 1344 1404 argu·

170 1441 321 1518 mentum,
346 1435 530 1500 testimonia
548 1453 654 1518 pauca
670 1432 866 1516 scriptorum
878 1429 1344 1510 ecclesiasticorum,maxime

172 1542 357 1628 Hieronymi
381 1547 413 1606 et
430 1541 610 1624 Augustini,
636 1538 748 1621 quibus
772 1539 891 1620 nescl0,
916 1557 978 1621 quo
997 1558 1074 1604 casu
1091 1535 1212 1620 aliquid
1229 1557 1249 1601 a
1264 1535 1341 1601 Por·

171 1651 286 1736 phyrio
311 1651 343 1715 in
368 1648 429 1713 XV
457 1648 523 1713 suis
551 1646 641 1711 libris
665 1646 826 1711 obiectum
858 1665 928 1710 esse
952 1643 1143 1710 Christianis
1171 1641 1342 1710 indicatur.

172 1758 330 1839 Pleraque
355 1776 393 1821 ea
416 1755 600 1820 testimonia
624 1789 667 1800 -
691 1772 753 1818 non
778 1759 886 1818 autem
910 1771 1046 1836 magnus
1070 1757 1119 1818 est
1135 1770 1284 1818 numerus
1300 1785 1344 1796 —

172 1863 356 1929 Holstenius
379 1863 400 1927 l.
426 1863 445 1927 l.
471 1861 644 1944 congessit,
674 1859 828 1926 nonnulla
851 1859 959 1943 aliquo
983 1859 1096 1925 labore
1120 1879 1160 1924 ex
1184 1856 1344 1925 indicibus

172 1991 270 2057 saepe
294 1969 386 2036 falsis
415 1967 590 2034 editionum
615 1968 859 2052 Mignianarum‚
895 1986 978 2050 quae
1007 1967 1075 2032 fere
1108 1965 1185 2031 mibi
1213 1971 1343 2050 praesto

173 2085 274 2161 erant,
310 2077 497 2160 conquisivi.
557 2074 647 2153 Quae
687 2074 714 2142 si
751 2076 995 2160 inspexerimus,
1031 2074 1182 2141 nonnulla
1214 2079 1345 2159 propter

171 2191 372 2268 argumenta,
409 2202 491 2266 quae
514 2182 691 2267 proferunt,
729 2202 801 2248 oum
825 2181 1018 2248 Macarianis
1047 2181 1236 2265 fragmentis
1265 2179 1344 2244 nihil

173 2312 338 2358 commune
357 2291 481 2380 *habere
510 2309 604 2374 posse
628 2288 817 2371 videbimus,
855 2288 912 2354 sed
943 2289 985 2354 ad
1014 2289 1094 2354 alios
1123 2288 1210 2354 locos
1234 2289 1344 2372 magni

172 2400 278 2485 operis
301 2397 515 2483 Porphyrlani
544 2398 716 2481 pertinere,
753 2415 832 2478 quos
861 2397 1027 2480 neglectos
1057 2415 1127 2462 esse
1157 2396 1343 2462 aMacario

172 2506 224 2572 vel
248 2506 357 2589 aliqua
390 2525 430 2570 ex
462 2510 553 2589 parte
577 2504 715 2570 fortasse
748 2503 781 2568 in
815 2503 904 2570 libris
938 2502 1118 2589 deperditis
1146 2504 1260 2568 allatos
1289 2523 1344 2587 pu·

173 2614 321 2696 tabimus,
355 2612 420 2678 alia
444 2618 511 2677 tota
539 2609 725 2696 disputandi
753 2612 877 2676 ratione
902 2631 972 2676 oum
997 2611 1130 2676 Macarii
1153 2611 1344 2696 philosopho

174 2720 256 2785 bene
280 2737 465 2803 congruere,
501 2719 534 2782 in
564 2718 695 2800 reliquis
728 2718 807 2784 satis
836 2719 949 2784 mirum
978 2719 1010 2782 in
1039 2717 1167 2783 modum
1196 2717 1342 2802 proiecto

173 2825 332 2911 quaedam
364 2825 449 2891 illius
481 2831 670 2910 argumenta
702 2825 879 2910 peculiaria
911 2824 952 2891 ad
976 2825 1190 2910 Porphyrium
1220 2826 1343 2892 referri.

279 2935 378 3001 Primi
395 2936 522 3017 generis
538 2941 611 3001 sunt
626 2935 716 3000 locus
731 2935 796 3012 ille,
819 2932 915 3019 quem
933 2933 1157 3001 Theodoretus
1178 2935 1211 2999 in
1228 2934 1344 3000 Graec.

169 3044 285 3109 aflect.
311 3064 376 3108 cur.
401 3043 467 3108 XII
492 3043 560 3125 (IV,
594 3043 678 3107 1040
703 3043 852 3123 Schulze)
878 3063 919 3108 ex
943 3043 1060 3109 Euseb.
1089 3063 1200 3128 praep.
1226 3063 1275 3108 ev.
1299 3062 1345 3107 re·

173 3151 300 3236 petivit,
336 3171 398 3235 quo
428 3151 641 3236 Porphyrium
674 3151 806 3215 deorum
840 3151 961 3235 templa
995 3149 1123 3217 deserta
1157 3171 1236 3233 esse,
1274 3169 1344 3215 oum

174 3258 318 3323 Christus
333 3257 552 3334 honoraretur,
570 3263 721 3322 testatum
738 3276 807 3322 esse
822 3256 940 3339 dicunt,
959 3256 1076 3323 deinde
1089 3256 1344 3324 Sanchuniatho·

173 3365 223 3430 nis
247 3365 390 3431 historici
414 3365 584 3430 Phoenicis
609 3385 680 3430 cum
703 3365 791 3430 Mose
822 3367 1030 3449 comparatio,
1068 3385 1162 3449 quam
1186 3365 1344 3431 Eusebius

173 3473 205 3536 in
229 3471 342 3537 eodem
366 3472 447 3537 libro
472 3473 509 3553 (l,
537 3474 576 3536 10
600 3480 633 3537 et
657 3471 699 3555 X,
723 3473 757 3552 9)
788 3477 820 3538 et
849 3492 921 3537 eum
952 3479 1081 3540 secutus
1108 3493 1215 3539 rursus
1240 3471 1345 3539 Theo-

175 3577 305 3644 doretus
328 3580 384 3660 (ib.
408 3579 462 3654 lV,
487 3580 551 3644 740
572 3579 661 3659 Soh.)
685 3578 816 3644 tradunt
839 3601 859 3645 a
884 3580 1064 3665 Porphyrio
1089 3581 1247 3665 prolatam
1272 3599 1342 3646 esse

174 3688 205 3750 ln
231 3687 311 3752 libro
335 3687 392 3769 IV,
417 3705 608 3769 quamquam
625 3686 874 3770 perscrutandas
892 3693 1068 3772 temporum
1092 3688 1232 3753 rationes
1256 3686 1343 3752 baud

174 3794 312 3860 absonas
336 3813 406 3859 esse
422 3791 559 3858 vidimus
583 3793 794 3858 aMacariani
813 3793 994 3879 philosophi
1018 3794 1157 3879 ingenio,
1182 3800 1248 3859 tum
1271 3814 1342 3878 pro·

176 3901 273 3965 lixum
296 3899 375 3964 illud
405 3898 446 3965 de
470 3899 609 3983 Origene
638 3906 670 3964 et
700 3900 740 3965 de
764 3901 1029 3985 interpretatione
1058 3901 1232 3984 allegorica
1256 3901 1344 3966 testi·

175 4007 326 4088 monium,
351 4005 436 4089 quod
460 4006 601 4072 servavit
617 4007 775 4073 Eusebius
798 4008 830 4071 in
854 4007 927 4072 hist.
949 4008 1029 4073 eccl.
1047 4007 1103 4089 VI,
1131 4008 1180 4089 19,
1206 4006 1344 4090 denique

177 4132 396 4196 quaecumque
413 4113 454 4179 de
472 4114 607 4180 Daniele
622 4114 783 4199 propbeta
799 4137 818 4180 a
834 4115 1014 4200 Porphyrio
1031 4114 1121 4180 libris
1138 4115 1203 4180 XII
1217 4121 1249 4179 et
1261 4115 1344 4180 XIll

175 4224 315 4285 tractato
339 4229 565 4287 commemorat
581 4222 795 4306 Hieronymus
818 4224 852 4286 in
875 4223 998 4308 prolog.
1020 4228 1186 4314 comment.
1211 4223 1244 4286 in
1259 4223 1344 4288 Dan.

175 4328 286 4411 (blign.
315 4333 398 4412 patr.
423 4329 496 4394 Lat.
522 4329 627 4411 XXV,
661 4330 722 4394 491
751 4337 783 4395 et
806 4331 885 4410 494)
915 4335 947 4396 et
976 4330 1009 4394 in
1039 4331 1108 4414 ipso
1138 4335 1343 4395 commentar.

175 4435 257 4501 libro
291 4436 419 4521 saepius
453 4439 497 4522 (p.
532 4437 608 4514 504,
647 4437 723 4520 533,
763 4438 853 4523 572),
892 4439 925 4502 in
958 4445 1127 4504 comment.
1160 4439 1192 4501 in
1226 4437 1344 4504 Isaiam
