3060 5086
642 283 674 290 -.
713 253 818 306 29-

131 451 227 515 quem
251 401 450 520 scriptorem
473 431 571 498 medii
596 452 621 497 s.
639 433 693 497 IV.
712 432 811 498 tuisse
835 431 1001 495 maluerat.
1038 428 1157 494 Contra
1174 429 1312 511 Julian0‚

130 540 266 624 dequo
293 542 504 610 Neumannus
528 560 655 624 quoque
687 539 779 604 initio
813 539 1024 622 cogitaverat,
1055 535 1224 602 Muellerus
1247 537 1268 600 l.
1292 536 1313 602 l.

129 648 235 731 favet,
262 649 395 716 etiamsi
419 669 482 714 non
505 649 601 733 plane
625 646 766 730 denegat
782 645 977 728 Hieroclem,
1002 665 1097 728 quem
1114 643 1315 710 Duchesnius

129 756 278 822 maxime
306 756 599 823 commendaverat.
1203 771 1204 774 ’

244 865 319 932 Nos
345 871 463 946 autem,
487 870 521 928 ut
544 862 586 928 de
608 862 657 928 his
690 861 891 949 opinionibus
925 858 1146 942 decernamus,
1180 859 1316 945 primum

130 971 350 1037 ostendemus
367 970 524 1036 neminem
542 991 582 1036 ex
598 971 637 1036 iis
653 969 861 1054 scriptoribus
879 966 1026 1049 Graecis,
1036 969 1093 1050 qui
1112 987 1174 1050 qua
1192 967 1316 1032 ratione

132 1077 364 1144 Christianam
388 1080 575 1163 religionem
599 1078 860 1163 impugnaverint
884 1085 971 1142 certo
997 1071 1193 1160 compertum
1221 1074 1316 1139 habe·

131 1205 216 1269 mus,
244 1187 386 1252 eundern
412 1207 491 1266 esse,
516 1206 610 1269 quem
634 1184 806 1269 exscripsit
828 1183 1001 1249 Macarius.

246 1295 277 1358 E
305 1295 437 1377 quibus
455 1291 542 1360 Celsi
573 1294 666 1359 unius
700 1293 894 1358 refutatione
927 1291 1078 1376 Origenis
1112 1296 1212 1357 toturn
1248 1291 1317 1358 fere

134 1421 219 1487 opus
245 1408 414 1469 servatum
437 1407 496 1484 est,
521 1407 644 1466 tanturn
661 1402 785 1484 saltem,
811 1406 845 1465 ut
862 1398 1051 1470 Theodorus
1067 1399 1161 1466 Keim
1185 1399 1219 1464 id
1239 1420 1318 1482 qua-

136 1509 217 1576 dam
243 1511 371 1594 ingenii
388 1510 556 1575 alacritate
573 1516 606 1574 et
622 1509 688 1575 stili
705 1509 868 1592 elegantia
885 1508 1053 1573 restituere
1077 1513 1213 1574 conatus
1229 1509 1271 1573 sit
1295 1510 1317 1588 l.

132 1617 204 1682 Sed
222 1619 285 1683 ubi
302 1618 480 1702 inspexeris
495 1623 694 1701 argumenta,
720 1635 803 1699 quae
818 1616 872 1680 ille
889 1621 958 1681 arte
974 1634 1013 1686 ac
1030 1616 1154 1680 ratione
1171 1614 1319 1681 ordinata
1357 1603 1359 1606 ⁵

133 1725 283 1810 profert,
307 1724 400 1790 huius
423 1725 556 1790 rationis
580 1723 665 1811 apud
683 1724 857 1789 Macarium
881 1721 960 1787 nihil
985 1722 1119 1788 inveniri
1144 1722 1253 1787 statim
1274 1724 1319 1787 in·

135 1832 293 1916 tellegea
329 1869 372 1878 —
408 1831 607 1915 Quamquam
634 1830 755 1914 Celsus,
791 1831 874 1897 sicut
908 1830 1054 1898 omnibus
1073 1830 1319 1916 ¹posterioribus

139 1939 404 2007 Christianorum
428 1939 623 2006 adversariis
638 1938 899 2024 gravissimorum
916 1938 1083 2006 criminum
1099 1936 1206 2022 posuit
1221 1936 1319 2021 quod·

140 2047 220 2112 darn
247 2046 501 2131 fundamentum,
525 2048 571 2113 ita
596 2067 667 2113 cum
693 2045 877 2158 Macariaqo
903 2044 1093 2132 philosopho
1117 2047 1196 2112 satis
1220 2045 1321 2111 multa
1407 2079 1409 2081 ·

18 2173 21 2182 ·
141 2154 248 2220 habet
266 2155 455 2239 communia,
480 2157 513 2220 in
529 2155 731 2238 generalibus
747 2155 886 2224 maxime
903 2153 1110 2238 argumentis.
1146 2153 1320 2238 Comparat

142 2263 234 2327 enim
260 2260 429 2343 Christum,
457 2269 493 2326 ut
516 2269 624 2327 noster
648 2282 719 2327 cum
743 2260 915 2345 Apollonio
940 2261 1105 2345 Tyanensi
1129 2259 1174 2344 (p.
1191 2261 1250 2341 525
1276 2261 1320 2326 cf.

143 2370 248 2435 etiam
275 2367 348 2450 163,
373 2368 418 2448 5),
448 2368 494 2432 ita
522 2367 576 2432 ille
601 2367 701 2451 (Orig.
721 2389 749 2434 e.
767 2366 849 2449 Cela,
867 2368 927 2448 ΙΙΙ,
944 2368 964 2432 3
982 2373 1014 2432 et
1030 2367 1097 2448 26.)
1123 2387 1194 2431 cum
1220 2367 1320 2433 Grae-

146 2495 260 2542 corum
285 2473 474 2558 quibusdam
498 2475 722 2540 miraculorum
746 2474 940 2556 auctoribus,
973 2473 1031 2539 sed
1062 2493 1132 2540 eum
1160 2473 1320 2540 nonnullis

146 2585 224 2648 aliis
247 2590 376 2668 praeter·
401 2602 496 2647 unum
526 2581 776 2669 Apollonium2);
807 2583 933 2646 incusat
961 2581 1124 2665 apostolos
1154 2588 1189 2646 ut
1216 2581 1321 2646 πλάσ-

148 2712 236 2770 ματα
259 2689 509 2770 ἀναγράφοντας
547 2691 602 2772 (ΙΙ,
630 2691 670 2754 15
695 2694 727 2753 et
747 2689 806 2769 26)
830 2694 864 2753 ut
896 2694 1004 2754 noster
1036 2689 1155 2774 passim
1179 2689 1211 2752 in
1240 2689 1322 2754 libro

149 2797 202 2860 III
219 2803 252 2862 et
267 2797 328 2877 IV3
354 2796 394 2862 de
411 2797 536 2863 Christo
553 2797 644 2881 quasi
661 2797 722 2864 deo
739 2796 846 2882 turpia
866 2802 965 2881 negat
989 2796 1145 2864 enuntiari
1172 2795 1322 2863 debuisse

151 2903 385 2987 (Vll,12sqq)
418 2925 527 2988 aeque¹
553 2926 592 2972 ac
624 2912 732 2972 noster·
756 2927 788 2989 p.
805 2905 884 2988 2023
920 2905 1082 2989 vituperat
1111 2903 1323 2987 Christianos,

152 3011 240 3092 quod
264 3010 369 3096 deum,
395 3014 449 3096 qui
473 3014 590 3078 οὐδὲν
614 3013 684 3091 οἷός
707 3033 742 3077 τε
765 3011 994 3091 παράλογον
1018 3011 1094 3078 οὐδὲ
1113 3012 1189 3092 παρ’
1207 3011 1323 3077 ἑαυτὸν

152 3117 366 3204 ἐργάσασθαι,
400 3110 526 3203 fingant
549 3121 692 3201 φθείρειν
716 3119 756 3183 τὰ
779 3118 897 3196 ἔκγονα
921 3119 990 3202 (Vl,
1007 3119 1075 3200 58),
1110 3119 1192 3184 sicut
1216 3124 1324 3184 noster·

149 3227 263 3292 multis
280 3228 439 3312 capitibus
456 3231 499 3310 (ρ.
516 3229 577 3291 158
591 3231 686 3309 sqq),
711 3224 852 3290 traducit
868 3224 1120 3292 Christianorum
1137 3225 1323 3306 amentiam,

152 3347 220 3411 qua
242 3332 391 3396 mundum
417 3332 661 3416 pulcherrimum
687 3333 728 3397 ab
753 3334 823 3417 ipso
847 3329 909 3397 deo
938 3332 1115 3417 periturum
1144 3335 1324 3417 opinentur,

156 3439 249 3520 quasi
272 3439 517 3519 ταράττοντα
539 3441 606 3520 τὴν
629 3441 790 3520 λογικὴν
813 3439 936 3520 φύσιν
968 3439 1157 3519 ἐτεκτήνατο
1187 3445 1244 3506 τοῦ
1273 3441 1325 3506 κό-

157 3703 340 3775 Porphyrion
359 3721 498 3775 genesen
519 3708 570 3762 sai.
585 3737 615 3746 —
631 3706 688 3762 Die
708 3721 767 3763 von
781 3707 941 3764 Neumann
960 3708 1191 3778 angekundigte
1205 3709 1326 3764 weltere

156 3793 409 3866 Beweisfiihrung
428 3797 466 3849 ist
485 3795 705 3852 abzuwarten.¹‘

265 3884 291 3952 1)
313 3883 439 3953 ,Celsua’
453 3885 579 3940 Wahres
592 3885 693 3941 Wart“
715 3888 869 3943 iibersetzt
887 3902 946 3941 von
966 3888 1018 3940 Dr.
1035 3887 1089 3941 Th.
1104 3885 1199 3956 Keim,
1219 3885 1327 3942 Ziirich

161 3972 235 4027 1873.
251 4003 281 4012 -
297 3973 449 4042 Coirferas,
470 3976 569 4041 velim,
589 3978 847 4033 enumerationem
866 3992 986 4047 quoque
1000 3977 1073 4031 satis
1087 3976 1217 4046 amplam
1237 3992 1326 4046 argu·

157 4066 326 4117 mentorum
352 4062 566 4133 Uolcianorum,
591 4080 682 4134 quam
707 4066 820 4121 Paulus
844 4067 1017 4121 Koetsolrau
1048 4066 1194 4121 librorum
1223 4071 1327 4120 contra

158 4149 277 4204 Celsum
297 4152 421 4207 editioni
439 4152 640 4209 Academicae
658 4154 845 4209 Berclincnsi
865 4156 1008 4225 praefixit
1027 4170 1054 4224 p.
1068 4154 1109 4208 LI
1119 4170 1183 4224 sqq.

265 4239 341 4308 2)1s
363 4244 442 4296 enim
466 4242 543 4298 Celsi
570 4248 670 4299 aetate
699 4245 834 4298 nondum
856 4245 1030 4299 Philostrati
1058 4245 1235 4300 laudatione
1254 4244 1328 4299 ocle-

159 4330 264 4383 bratus
284 4335 362 4397 erat3
391 4346 486 4401 quare
505 4333 566 4386 vim
586 4335 685 4388 subito
710 4349 727 4387 e
747 4339 912 4404 conspectu
931 4334 1073 4388 evolandi
1093 4349 1129 4388 ac
1148 4334 1249 4389 statim
1268 4334 1326 4388 alio

158 4418 222 4472 loco
242 4420 436 4488 comparandi
456 4419 561 4475 Celsus
580 4419 718 4477 Aristeae
737 4422 940 4478 Proconnesia
961 4423 1114 4478 adtribuit.
