3060 5086
698 279 856 332 ..γ-

160 459 332 525 'clamant
364 460 497 526 Macarii
533 458 711 524 sententiae
747 457 959 542 theologicae.
1013 459 1130 523 Totum
1166 459 1234 538 eins
1269 477 1360 542 opus,

191 568 273 632 sicut
301 567 485 638 inscribitur
516 567 717 648 Μονογενής,
754 565 932 651 perfectam
959 565 1130 631 manifesto
1159 566 1260 650 spirat
1289 585 1359 630 eam

191 673 396 758 theologiam,
421 695 485 757 qua
508 675 540 738 in
565 673 708 739 conciliis
730 672 874 740 Nicaeno
899 675 942 753 (a.
956 672 1021 738 325
1038 694 1070 758 p.
1084 673 1134 754 C.)
1158 679 1191 737 et
1206 672 1361 738 Constan-

191 781 402 865 tinopolitano
427 784 468 862 (a.
486 781 565 861 381)
589 778 623 845 id
647 778 889 845 fundamentum
912 779 993 846 fidei
1020 781 1159 865 positum
1184 785 1243 863 est,
1274 778 1360 861 quod

192 908 285 954 verus
309 887 388 954 deus
411 888 463 955 vel
486 889 558 973 ipsa
581 888 762 954 substantia
786 886 896 954 divina
919 889 952 953 in
968 887 1096 954 Christo
1120 889 1227 952 inierit
1250 887 1360 952 huma·

190 1017 263 1060 nam
287 1001 444 1078 naturam,
469 1015 531 1078 quo
555 994 699 1082 homines
723 995 796 1060 fieri
820 1002 950 1081 possent
974 995 1085 1061 divini.

300 1102 401 1181 Quem
425 1123 556 1188 scopum
581 1103 702 1186 pariter
724 1103 868 1169 invenies
896 1101 983 1188 apud
1008 1103 1198 1186 Gregorium
1221 1103 1360 1170 Nazian-
1488 1105 1496 1122 ⁸

190 1230 302 1278 aenum
325 1210 412 1276 illius
436 1211 553 1277 aetatis
571 1209 770 1294 theologum·
786 1211 915 1296 proprie
939 1209 1062 1276 dictum
1072 1210 1096 1294 ¹)
1125 1215 1223 1292 atque
1254 1209 1360 1274 Maca·

190 1319 271 1383 rium
294 1319 398 1383 velut:
585 1366 587 1370 ι
770 1371 771 1374 ι

297 1424 407 1508 Greg,
433 1425 481 1490 De
506 1423 576 1490 filio
601 1424 710 1489 homil.
732 1425 765 1488 ΙΙ
789 1423 831 1489 ad
856 1426 924 1507 fin,
950 1445 982 1509 p.
1003 1423 1108 1489 όόόΒ
1132 1408 1270 1500 Maurin:
1295 1423 1361 1488 ἵνα

189 1533 290 1617 γένῃ,
325 1532 469 1617 appellat
503 1530 698 1616 audientem,
734 1533 833 1616 θεός,
870 1532 1013 1597 κάτωθεν
1046 1531 1191 1597 ἀνελθὼν
1221 1531 1272 1596 διὰ
1300 1532 1358 1597 τὸν

190 1640 386 1705 κατελθόντα
410 1640 536 1705 άνωθεν
561 1644 598 1704 δι’
622 1641 705 1719 ἡμᾶς
729 1677 772 1686 -

297 1752 330 1813 et
345 1747 485 1813 Marcar.
502 1768 534 1832 p.
551 1747 604 1831 90,
623 1748 658 1812 i:
684 1747 852 1828 (Χριστός)
875 1748 913 1812 τό
936 1748 1083 1827 φθαρτόν
1107 1746 1292 1825 ὑπαλλάξας
1314 1753 1360 1832 τῷ

191 1853 347 1939 ἀφθάρτῳ
372 1861 533 1934 μυστικῶς
558 1860 590 1919 et
613 1853 690 1920 ibid.
709 1876 738 1920 v.
758 1854 814 1919 13:
839 1853 1037 1933 ἁπαξαπλῶς
1061 1855 1129 1920 τόν
1152 1853 1360 1934 ἄνθρωπον

190 1963 278 2027 θεόν
303 1961 574 2042 ἐργασάμενος
599 1969 631 2027 et
653 1983 685 2047 p.
706 1962 778 2044 191,
802 1962 836 2029 6;
861 1962 906 2040 ὡς
930 1963 1017 2040 θεὸς
1043 1961 1161 2040 λόγος
1185 1962 1278 2039 τοὺς
1304 1964 1360 2026 λο-

188 2069 325 2147 γικοὺς
350 2070 467 2149 θεοὺς
492 2070 763 2149 ἐργαζόμενος.
925 2081 929 2089 ’

295 2174 375 2242 Inde
391 2177 519 2242 venitur
534 2176 576 2243 ad
593 2176 761 2262 paradoxa
776 2178 928 2244 trinitatis
944 2177 1110 2261 mysteria,
1133 2197 1215 2260 quae
1233 2177 1360 2261 integra
1385 2195 1386 2198 ’

188 2283 332 2349 invenies
355 2282 442 2369 apud
460 2285 650 2350 Marcarium
666 2285 742 2366 209,
755 2285 890 2368 20sqq,
915 2283 1002 2370 apud
1019 2285 1208 2368 Gregorium
1226 2286 1358 2370 passim,

189 2389 377 2456 brevissime
402 2397 548 2456 coartata
572 2412 603 2475 ρ.
620 2391 727 2457 31911
751 2392 802 2457 vel
825 2391 891 2456 409
906 2391 951 2473 D3
975 2390 1049 2456 inde
1073 2390 1116 2456 ad
1141 2393 1310 2476 mysticam
1327 2399 1360 2459 et

188 2499 314 2563 ratione
344 2518 408 2563 non
441 2496 672 2580 assequendam
707 2498 795 2562 illam
830 2499 979 2563 unionem
1012 2497 1147 2563 duarum
1175 2500 1207 2563 in
1232 2498 1358 2566 Christo

189 2625 405 2690 personarum,
431 2605 530 2683 λόγον
554 2605 623 2672 scil.
648 2607 846 2684 μονογενοῦς
871 2611 903 2669 et
926 2608 983 2670 τοῦ
1001 2605 1178 2690 ὁρωμένου,
1204 2613 1238 2672 ut
1258 2609 1358 2693 aiunt,

189 2732 252 2796 qua
275 2733 385 2779 omnes
409 2713 562 2778 tolluntur
592 2713 853 2798 interpretandae
877 2732 901 2778 s.
925 2713 1104 2798 scripturae
1133 2711 1357 2800 difficultates,

189 2839 292 2903 aeque
315 2840 423 2886 rursus
446 2819 532 2906 apud
557 2820 757 2905 Theologum
782 2827 814 2886 et
836 2809 995 2886 nostrum:
1025 2820 1112 2886 velut
1136 2820 1215 2885 illud
1240 2821 1358 2887 Christi

189 2926 309 2992 dictum
337 2927 461 3013 ,ostar
486 2927 607 3007 ἀγαθὸς
632 2928 659 2993 εἰ
682 2930 723 3008 μὴ
747 2927 793 3007 εἷς
817 2927 835 2992 ὁ
859 2925 954 3008 θεόςα
981 2927 1053 2993 aliis
1077 2929 1146 2994 eius
1161 2928 1269 2995 verbis
1285 2949 1358 2994 eon-

188 3035 320 3100 trarium
349 3034 435 3120 apud
466 3036 598 3120 Gregor.
613 3037 669 3120 ¹(p.
686 3036 751 3100 549
765 3035 834 3112 CD)
868 3033 1051 3115 ἀπάντησιν
1085 3035 1149 3115 ἔχει
1182 3038 1265 3115 πρὸς
1300 3038 1357 3102 τόν

187 3143 380 3222 πειράζοντα
408 3143 540 3222 νομικόν
570 3142 620 3221 ὡς
651 3141 839 3226 ἀνθρώπῳ
867 3143 938 3221 τὴν
966 3141 1194 3223 ἀγαθότητα
1224 3165 1358 3225 μαρτυ-

188 3251 379 3333 ρήσαντα,
404 3250 564 3315 Macarius
587 3255 711 3314 autem:
736 3249 796 3329 οὐχ
812 3249 857 3327 ὡς
875 3255 948 3334 θεῷ,
972 3250 1076 3333 inquit
1091 3254 1135 3335 (p.
1155 3252 1207 3334 12,
1222 3252 1263 3316 16
1274 3254 1357 3334 sqq.)

189 3352 259 3418 ἀλλ’
284 3356 334 3433 ὡς
359 3354 550 3439 ἀνθρώπῳ
581 3357 773 3435 προσελθὼν
806 3356 1006 3433 διελέγετο
1039 3357 1219 3437 φάσκων·
1251 3359 1358 3423 διδά-

189 3466 309 3527 σκαλε
332 3462 453 3539 ἀγαθέ
481 3499 515 3508 -

296 3569 347 3635 vel
364 3568 405 3635 de
418 3569 544 3636 Christo
561 3569 750 3636 moribundo
770 3571 803 3635 in
827 3570 918 3636 horto
936 3571 1151 3638 Cetbsemane
1175 3575 1357 3658 passionem

188 3677 384 3762 deprecante
400 3677 486 3763 apud
504 3678 639 3762 Gregor.
656 3699 688 3763 p.
702 3678 767 3744 685
775 3677 812 3763 E,
837 3677 924 3763 apud
948 3678 1067 3745 Macar.
1082 3701 1114 3773 p.
1127 3680 1224 3763 ihsq.
1241 3680 1355 3747 eodem

188 3914 259 3962 runt
283 3911 340 3962 viri
366 3909 454 3977 docti,
483 3910 566 3980 qnod
585 3925 612 3980 p.
628 3910 686 3978 109,
700 3910 734 3965 31
745 3926 808 3980 sqq.
828 3909 983 3979 Irenaeus,
1004 3910 1168 3977 Fabianus,
1186 3909 1358 3981 Cyprianus
1386 3911 1388 3916 ’

189 3999 305 4066 pristini
325 4001 394 4054 aevi
414 4015 481 4054 esse
501 3999 651 4066 dicuntur,
671 4014 800 4069 quorum
815 4005 983 4070 postremus
1002 4015 1063 4055 non
1083 4001 1204 4055 excedit
1223 4015 1300 4056 saec.
1312 4000 1358 4055 III

188 4087 329 4157 medium,
349 4105 417 4143 curn
437 4089 544 4143 ceteris
564 4090 751 4158 argumentis
770 4088 809 4142 ad
823 4104 936 4144 annum
949 4090 1003 4144 400
1016 4089 1211 4158 deducamur,
1232 4096 1262 4144 et
1275 4090 1357 4159 quod

188 4191 215 4245 p.
232 4175 282 4230 145
301 4176 425 4247 legitur:
452 4179 592 4246 Ἐλλήνων
611 4179 650 4242 ὡς
669 4179 713 4233 ἐπὶ
732 4180 919 4233 centaurea
940 4184 1000 4234 τῶν
1020 4181 1250 4245 μακελλενόντων
1273 4180 1356 4233 τότε

188 4267 216 4329 (i.
237 4281 262 4319 e.
282 4267 467 4334 temporibus
486 4267 585 4335 Pauli)
603 4269 818 4334 γνωριζομένων
843 4297 874 4306 -
900 4269 974 4338 quid
993 4269 1072 4323 enim
1091 4270 1210 4338 scimus,
1233 4269 1355 4338 quando

188 4354 348 4410 Christiani
368 4356 439 4409 talia
458 4358 583 4426 negotia
603 4359 760 4427 coeperint
779 4357 965 4427 occuparet?

297 4444 323 4510 1)
342 4443 410 4499 Fuit
431 4450 531 4499 autem
551 4447 576 4501 is
595 4447 682 4502 annis
700 4448 765 4502 fore
783 4447 934 4505 sao-39⁰.
