3060 5086
649 295 824 348 -33,

152 479 301 556 putemus
325 472 454 538 condita
477 474 578 540 fuisse
602 475 670 538 eius
694 474 782 539 libris
807 475 918 556 tribus,
943 475 975 538 in
1000 475 1114 557 quihus
1130 475 1322 541 Lactantius

150 587 262 644 auctor
287 584 367 662 est¹)
404 601 475 645 eum
499 579 591 645 idut
615 601 728 645 munus
761 581 952 666 philosopho
986 601 1062 646 vere
1095 581 1225 665 dignum
1259 603 1322 648 sus-

148 689 284 771 cepisse,
318 694 352 752 ut
376 687 574 754 Christianos
598 709 712 754 caecos
736 695 768 754 et
793 688 962 754 fraudibus
991 689 1156 773 pellectos,
1191 709 1253 772 quo
1277 709 1322 754 re-

147 801 355 860 sanescerent
379 815 417 859 ac
441 794 623 862 devitarent
652 795 871 861 cruciamenta
896 797 1050 881 corporis,
1083 795 1252 862 reduceret
1279 796 1321 861 ad

148 902 268 967 cultum
292 901 435 985 deorum,
461 923 516 969 cas
539 903 678 968 maxime
695 923 764 970 esse
781 905 960 988 principum
982 903 1095 969 laudes
1113 910 1210 984 ratus,
1237 903 1321 986 quod

149 1008 293 1074 cohibita
316 1009 542 1094 superstitione
565 1012 723 1076 nemiuem
748 1011 890 1076 sinerent
913 1011 1065 1094 legitimis
1089 1011 1189 1076 sacris
1206 1031 1321 1076 vacare

147 1114 286 1199 ideoque
309 1118 464 1202 propitios
488 1117 566 1182 deos
589 1116 635 1182 rei
660 1118 810 1202 publicae
835 1118 1052 1183 conciliarent.
1367 1111 1370 1118 ’

255 1226 444 1291 Hieroclem
468 1245 543 1291 vero
566 1225 701 1292 eundem
719 1227 818 1292 fuisse
835 1233 933 1309 atque
946 1225 1082 1292 Macarii
1100 1225 1320 1292 adversarium

146 1330 381 1412 Duchesuius2)
410 1332 470 1398 sibi
503 1332 631 1398 videtur
655 1334 803 1399 evincere
828 1354 845 1399 e
869 1335 992 1418 paucis,
1025 1353 1107 1416 quae
1130 1333 1321 1400 Lactantius

145 1437 187 1502 de
204 1439 271 1504 eius
288 1438 409 1521 librisi)
433 1439 565 1524 profert,
584 1443 796 1525 argumentis3
814 1440 925 1506 horum
945 1447 1051 1506 tamen
1068 1439 1172 1524 nimis,
1190 1441 1321 1506 Eusebii

144 1565 257 1630 parum
282 1533 395 1612 habuit
419 1546 587 1612 rationem.
635 1549 671 1642 lp
697 1549 880 1614 universum
904 1555 1012 1613 autem
1036 1548 1090 1612 hie
1114 1550 1154 1615 (c.
1180 1549 1321 1614 Hieroel.

144 1673 173 1717 c.
189 1650 220 1733 l)
246 1653 333 1718 illum
357 1662 485 1740 praeter
509 1654 626 1720 Christi
651 1661 683 1720 et
707 1655 870 1740 Apollonii
895 1656 1176 1740 comparationem,
1201 1657 1233 1720 in
1257 1654 1321 1738 qua'

144 1760 380 1842 quodammodo
404 1762 542 1829 fortasse
567 1761 794 1828 Philostratum
824 1762 937 1828 hahuit
972 1769 1134 1827 auctorem
1144 1764 1185 1845 4),ι
1215 1765 1321 1828 cmuia'

144 1868 205 1931 οὐκ
228 1867 339 1947 αὐτοῖς
364 1871 541 1948 μονονουχὶ
565 1870 725 1948 νοήμασιν
749 1868 831 1944 ἀλλὰ
855 1871 905 1934 καὶ
930 1869 1049 1948 ῥήμασι
1073 1871 1123 1933 καὶ
1141 1873 1320 1950 συλλαβαῖς

144 1975 348 2059 impudenter
372 1978 413 2041 ab
437 1977 509 2043 aliis
534 1977 726 2062 corripuisse
757 1976 880 2042 iudicat
904 1976 1041 2059 ideoque
1070 1983 1231 2061 potestate
1255 1983 1319 2058 (ου-

144 2081 248 2164 νάμει)
273 2085 335 2147 iam
361 2083 480 2148 dudum
505 2104 649 2150 eversum
676 2070 748 2151 esse
774 2085 864 2150 libris
889 2091 961 2150 octo
986 2086 1026 2149 ab
1052 2084 1184 2168 Origine
1209 2091 1320 2150 contra

144 2190 270 2256 Celsum
296 2193 494 2277 conscriptis.
542 2193 647 2277 Unde,
675 2195 803 2260 tametsi
832 2200 946 2278 postea
971 2193 1129 2258 Eusebius
1154 2192 1318 2276 Origiuem

142 2299 323 2378 Ξυλλήβδην
346 2301 402 2382 ait,
428 2299 501 2364 ὅσα
525 2301 570 2379 εἰς
594 2303 654 2379 τὴν
679 2301 780 2378 αὐτὴν
798 2301 956 2365 ὑπόθεσιν
972 2301 1088 2365 παντί
1104 2322 1153 2384 τῳ
1171 2299 1319 2380 εἴρηταί

143 2427 183 2469 τε
205 2407 266 2469 καὶ
290 2407 503 2488 εἰρήσεται,
541 2427 717 2490 occupasse
751 2415 847 2489 atque
878 2406 1076 2489 discussisse,
1113 2414 1219 2472 tamen
1243 2426 1319 2471 vere

143 2514 240 2577 etiam
264 2533 282 2578 e
306 2513 390 2579 Celsi
422 2513 511 2578 libris
534 2513 716 2578 Hieroclem
753 2514 854 2577 multa
886 2519 1064 2578 mutuatum
1099 2532 1168 2578 esse
1201 2520 1314 2597 putare

141 2619 261 2704 licet5),
285 2621 385 2686 multa
409 2643 486 2686 vero
512 2642 529 2686 e
546 2620 718 2706 Porphyrii
743 2640 870 2704 quoqne
890 2620 980 2686 libris
998 2619 1126 2684 XXXV
1142 2620 1210 2685 lere
1227 2620 1318 2685 annis

142 2733 217 2792 ante
241 2729 341 2812 ipsius
365 2729 464 2796 libros
487 2730 520 2793 in
544 2730 646 2794 lucem
672 2728 778 2795 editis.
829 2727 880 2793 Ad
914 2728 999 2793 hunc
1029 2732 1146 2811 autern,
1181 2728 1221 2793 de
1255 2748 1317 2811 quo

143 2907 356 2919 ----...-...

249 3031 275 3098 1)
296 3032 367 3086 ibid.
387 3049 414 3103 p.
428 3032 489 3103 404,
503 3033 607 3104 lbsqq.

250 3121 277 3186 2)
297 3121 315 3176 l.
327 3122 345 3175 l.
365 3138 393 3191 p.
408 3123 512 3192 lisqq.
1262 3181 1266 3188 ,

248 3211 275 3276 3)
296 3211 460 3278 Φιλαλήθεις
479 3213 580 3276 λόγους
608 3211 695 3278 πρὸς
722 3213 789 3276 τοὺς
808 3209 990 3277 Χριστιανούς
1017 3211 1211 3281 inscripserat
1241 3213 1315 3268 duos

142 3298 233 3352 libros
253 3301 397 3354 affectata
416 3301 546 3368 quadam
566 3300 733 3354 humilitate
754 3306 783 3354 et
802 3301 1023 3368 benevolentia,
1043 3305 1078 3354 ut
1101 3302 1222 3356 videtur
1241 3302 1314 3356 Lac-

142 3389 237 3440 tantio
258 3404 284 3457 p.
298 3388 390 3455 406,4
408 3393 437 3442 et
456 3388 517 3454 410,
532 3389 573 3442 11.

247 3475 275 3539 4)
295 3475 354 3530 Sed
368 3477 398 3529 in
413 3477 538 3530 dubium
552 3493 658 3532 rursus
671 3485 811 3532 vocatum
828 3483 872 3532 est
886 3480 959 3532 viris
973 3479 1076 3547 doctis,
1090 3494 1162 3533 num
1180 3480 1314 3548 sophista

140 3564 189 3618 ille
203 3564 402 3619 Philostratus
422 3572 451 3620 et
470 3566 611 3620 laudator
621 3565 773 3635 Apollonii
788 3568 875 3635 quasi
889 3566 1038 3622 Christum
1053 3583 1208 3637 paganum
1223 3570 1314 3638 philo-

103 3677 107 3682 ·
140 3655 267 3723 sophum
287 3653 477 3722 Tyanensem
507 3655 719 3710 commendare
739 3655 881 3718 voluerim
912 3656 948 3708 cf.
969 3655 1177 3726 Goetschiugii
1198 3659 1313 3713 dissert.

139 3742 218 3813 Lips.
240 3743 332 3810 (1889)
352 3760 432 3813 quae
451 3746 571 3798 inscrib.
593 3744 787 3814 ,Apollonius
808 3759 867 3797 von
887 3743 1022 3812 Tyaua“.

244 3833 273 3901 5)
292 3833 328 3886 Et
347 3833 525 3888 Theodorus
544 3833 631 3887 Keim
649 3833 695 3887 l.l.
711 3851 737 3904 p.
749 3833 801 3888 258
821 3834 921 3886 attulit
941 3835 1121 3903 exemplum,
1141 3851 1201 3904 quo
1222 3852 1313 3905 quam

139 3924 263 3990 egregie
282 3921 400 3977 Celsum
419 3922 575 3978 Hierocles
596 3922 769 3977 adhibuerit
787 3927 878 3991 atque
901 3924 1117 3991 emendaverit,
1146 3924 1225 3979 bene
1249 3926 1313 3979 illu·

138 4015 263 4079 stratum
284 4013 394 4066 etenim
416 4028 484 4066 curn
503 4011 551 4066 ille
572 4011 721 4067 Christum
740 4012 866 4066 irrideat
887 4011 979 4082 (Orig.
995 4027 1019 4065 ο.
1034 4011 1108 4066 Cels.
1122 4012 1150 4065 ll
1164 4013 1210 4081 12)
1231 4014 1312 4083 quod

138 4099 289 4170 discipulis
317 4116 355 4156 ue
384 4117 451 4156 eam
481 4101 601 4170 quidem
632 4102 745 4155 afflarit
774 4102 865 4155 fidem
891 4107 921 4156 et
944 4101 1196 4169 benevolentiam,
1221 4118 1311 4172 quam

136 4189 269 4244 latrones
299 4190 368 4244 duci
397 4196 587 4260 praestarent
616 4191 665 4258 (ὡς
688 4192 758 4259 πρὸς
781 4193 951 4259 λῄσταρχον,
980 4191 1015 4244 l'v'
1039 4192 1131 4255 οὕτως
1158 4193 1312 4260 ὀνομάσω),

136 4277 291 4332 Hierocles
310 4278 382 4333 iude
402 4296 470 4333 eum
484 4281 655 4335 introduxit
672 4280 861 4350 praedonum
878 4296 983 4334 verum
1005 4280 1121 4348 ducem,
1142 4297 1209 4335 cum
1231 4282 1310 4335 dicat

136 4366 230 4434 (Lact.
252 4384 278 4436 p.
292 4367 355 4435 407,
368 4369 413 4431 12)
441 4370 538 4437 ipsum
559 4369 708 4424 Christum
737 4385 755 4422 a
775 4369 896 4423 ludaeis
927 4371 1067 4438 fugatum
1092 4370 1217 4425 collecta
1236 4386 1311 4423 non·

136 4462 297 4526 gentorum
316 4457 470 4510 hominum
491 4473 584 4511 manu
603 4459 762 4512 latrocinia
784 4459 898 4511 fecisse.

1133 4549 1149 4604 3
