3060 5086
711 321 742 329 -
780 289 886 366 ²25·

213 472 415 558 censendam,
452 471 539 555 quod
574 471 648 538 talis
683 471 816 536 iniuriae
853 468 997 536 Christus
1032 471 1102 554 ipse
1143 468 1284 534 incusari
1323 488 1387 531 non

214 581 380 665 potuisset,
406 580 509 662 qualis
525 578 639 644 luisset
655 577 828 643 daemones
845 597 885 642 ex
901 577 1034 642 homine'
1047 575 1198 661 depulsos
1215 575 1386 640 immittere

212 689 334 768 χοίροις
359 686 536 764 ἀλόγοις,
566 687 657 751 Haec
681 685 819 750 maxime
836 685 1000 750 brutorum
1026 704 1102 748 cura
1125 681 1308 767 philosophi
1327 687 1386 760 est,

215 795 402 880 praesertim
435 794 660 878 neoplatoniei‚
697 812 790 874 quem
824 811 863 857 ea
891 797 1001 857 aetate
1025 791 1137 856 harum
1162 789 1387 872 quaestionum

214 908 378 967 auctorem
402 902 500 966 fuisse
524 901 767 977 censebimnsh.
814 899 931 964 Paucis
955 900 1053 982 igitur
1076 899 1126 963 his
1148 897 1293 964 versibus
1309 903 1383 980 post

213 1009 315 1093 ipsam
339 1008 386 1073 rei
409 1013 521 1090 gestae
545 1006 779 1092 expositionem
803 1006 939 1090 primum
974 1025 1032 1071 nos
1061 1004 1172 1070 audire
1205 1001 1386 1089 philosophi

213 1115 525 1199 argumentationem
549 1113 668 1179 iudico.

323 1223 435 1305 Neque
459 1228 567 1287 tamen
590 1222 652 1306 ipsi
675 1221 759 1285 ultra
793 1221 933 1286 ferarum
968 1219 1182 1305 patrocinium
1216 1218 1387 1300 quicquam

213 1329 267 1395 hic
300 1330 475 1412 tribuerim,
514 1330 570 1395 sed
606 1349 723 1411 rursus,
763 1349 845 1411 quae
879 1329 1113 1410 subsequunter
1152 1326 1285 1392 crimina
1325 1325 1390 1405 (καὶ

214 1437 291 1514 τοὺς
331 1436 481 1516 συβώτας
528 1437 758 1515 ἑκδειματῶσαι
801 1435 919 1516 φόβοις
958 1437 1009 1500 καὶ
1054 1433 1187 1514 φεύγειν
1232 1432 1389 1497 ἀπνευστὶ

213 1548 346 1621 ποιῆσαι
375 1544 411 1608 ἐν
438 1550 560 1628 ταραχῇ
593 1545 673 1623 κτλ.)
710 1551 774 1608 tam
800 1543 896 1608 exilia
930 1549 1013 1624 sunt,
1048 1561 1088 1607 ne
1113 1540 1218 1606 dicam
1242 1538 1388 1620 ridicula,

214 1650 390 1733 eademque
425 1657 490 1715 tam
526 1651 641 1716 inflato
677 1670 822 1716 sermone
858 1651 1071 1735 pronuntiata,
1107 1655 1141 1712 nt
1175 1646 1228 1712 vel
1260 1648 1293 1711 in
1326 1666 1388 1710 uno

214 1756 390 1840 eodemque
425 1757 590 1823 enuntiato
624 1757 705 1823 haec
738 1757 779 1822 de
812 1756 917 1842 priore
946 1762 1038 1841 parte
1067 1754 1231 1820 discernas
1259 1759 1294 1818 ut
1324 1753 1388 1817 Ma-

215 1864 346 1930 cariana
374 1871 573 1950 argumenta.
621 1866 657 1928 In
682 1865 835 1948 proximis
859 1862 975 1928 deinde
1003 1862 1170 1928 sententiis
1198 1860 1253 1926 vin
1274 1859 1389 1924 diiudi-

217 1973 282 2039 cari
304 1979 421 2056 potest,
446 1993 519 2037 num
545 1973 715 2055 quicquam
739 1973 780 2036 sit
805 1971 904 2055 ipsius
928 1969 1122 2054 philosophi,
1147 1967 1305 2052 siquidem
1330 1968 1389 2032 ite-

216 2101 283 2146 rum
304 2080 481 2163 iterumque
506 2079 591 2145 idem
615 2080 785 2145 invertitur
801 2083 1031 2161 argumentum,
1055 2077 1140 2160 quod
1165 2077 1388 2142 detrimentum

216 2209 279 2254 non
303 2195 450 2273 oporteat
478 2187 669 2253 detrimento
699 2187 822 2268 sanari3
852 2192 1013 2270 postremo
1042 2205 1118 2251 vero
1144 2187 1188 2270 (p.
1205 2185 1289 2268 57,1
1305 2185 1389 2266 sqq.)

219 2294 259 2361 de
284 2296 351 2360 vita
375 2294 512 2359 affertur
536 2293 726 2378 exemplum,
751 2293 819 2358 scil.
844 2294 1055 2377 imperatoris,
1081 2294 1134 2375 qui
1151 2293 1209 2358 τὸν
1227 2291 1390 2372 βάρβαρον

219 2403 264 2481 εἰς
288 2401 390 2467 τόπον
414 2401 449 2466 ἐκ
471 2402 574 2466 τόπου
599 2401 748 2480 ἐκπέμπει
773 2402 878 2479 μένειν
888 2403 924 2481 2),
955 2399 1040 2483 quod
1069 2400 1130 2465 nisi
1157 2401 1268 2482 aetati,
1293 2419 1389 2482 qnam

219 2509 362 2575 Macerio
379 2511 558 2592 statuimus,
582 2527 698 2594 nempe
714 2508 860 2591 vergenti
877 2528 903 2574 s.
920 2508 977 2592 IV,
1002 2529 1064 2574 non
1081 2508 1238 2591 congruit.
1275 2507 1388 2589 Neque

151 2699 154 2706 Δ
218 2619 317 2702 igitur
340 2618 536 2701 mirabimur,
561 2616 646 2700 quod
670 2618 778 2682 statim
795 2617 929 2682 Macarii
953 2616 1114 2700 ampullae
1137 2614 1318 2681 rhetoricae
1342 2634 1389 2679 re·

219 2725 327 2807 deunt,
352 2726 441 2791 velut
464 2731 673 2790 monstrosum
698 2722 793 2789 illud:
817 2727 996 2804 τερατῶδες
1013 2725 1070 2804 μὲν
1087 2723 1192 2802 ὄντως
1209 2723 1260 2788 καλ
1276 2726 1391 2803 χρᾶναι

217 2837 314 2897 τοῦτο
337 2834 396 2910 τὴν
420 2831 520 2911 ἀκοὴν
545 2836 631 2896 ποιεῖ
655 2831 845 2915 δυνάμενον,
875 2832 996 2911 μεστὸν
1020 2833 1055 2897 δὲ
1079 2831 1207 2911 φαύλης
1232 2830 1389 2907 ὑπονοίας

217 2941 428 3020 ἐργάζεται
452 2943 496 3020 (v.
514 2940 609 3022 5sq.)
640 2939 690 3004 vel
719 2939 846 3005 iteratio
879 2939 1037 3022 quaedam
1062 2938 1230 3004 verborum
1261 2937 1390 3020 proprie

217 3046 436 3132 Macar-ianm)
461 3067 521 3113 neo
544 3045 636 3112 deest
659 3047 778 3112 usitata
802 3066 940 3131 persona
964 3045 1099 3110 hominis
1115 3043 1238 3136 laetum
1256 3041 1385 3124 Christi,

169 3241 171 3245 ι
217 3156 243 3222 si
269 3175 377 3221 verum
401 3161 496 3236 esset,
521 3154 641 3219 irrisuri
667 3155 733 3235 (57,
752 3154 880 3237 Ἴαφα),
905 3153 1035 3219 verbum
1061 3148 1198 3230 denique
1225 3150 1386 3232 σῴζεσθαι

217 3264 338 3349 pluries
361 3268 547 3347 usurpatum
562 3261 777 3328 Christianum
800 3261 924 3328 redolet
940 3264 1111 3325 auctorem.
1151 3256 1273 3322 Rursus
1289 3255 1387 3339 igitur

218 3477 334 3534 Christo
354 3479 419 3546 ipsi,
451 3491 540 3546 quem
565 3477 672 3544 quanti
697 3476 790 3530 faciat
817 3475 907 3544 paulo
936 3477 1005 3542 post
1035 3473 1236 3540 ostendemus,
1265 3471 1388 3542 plagam

217 3570 339 3623 inferre.

326 3656 491 3725 1)Videa3‚
517 3670 638 3725 quaeso,
663 3671 742 3726 quae
760 3654 947 3724 Porphyrius
968 3655 999 3707 et
1019 3653 1056 3707 de
1076 3667 1128 3706 suo
1152 3657 1181 3706 et
1202 3652 1239 3705 de
1264 3651 1390 3704 aliorum

217 3749 397 3817 scriptorum
417 3747 574 3800 sententiis
593 3746 624 3800 in
644 3747 728 3800 libris
747 3764 776 3799 π.
797 3745 904 3810 ἀποχῆς
924 3744 1060 3808 ἐμψύχων
1080 3741 1246 3796 secundum
1267 3754 1389 3794 causam

218 3837 375 3891 brutorum
395 3836 580 3905 exposuerit.
636 3874 641 3884 .

325 3924 562 3993 2)1ntinitivum
587 3926 678 3990 μένειν
701 3924 759 3977 hoe
782 3922 849 3977 loco
873 3922 958 3976 finali
983 3937 1073 3976 sensu
1098 3936 1116 3973 a
1136 3920 1230 3974 verbo
1254 3919 1390 3972 mittendi

219 4015 440 4085 dependentem
460 4015 600 4083 accipias,
626 4014 683 4067 nisi
702 4014 781 4066 torte
803 4014 891 4077 μόνον
910 4013 960 4066 vel
980 4011 1062 4065 aliud
1081 4010 1221 4063 conicere
1240 4008 1389 4063 malueris.

325 4104 353 4172 3)
374 4104 461 4168 Εὐθὺς
484 4104 538 4170 γάρ
562 4103 652 4169 εὐθύς,
682 4115 772 4170 quam
798 4101 881 4169 apud
904 4099 1071 4154 Macarium
1099 4098 1234 4167 reperies
1263 4098 1389 4152 eandem

219 4211 246 4263 p.
260 4195 303 4261 33,
318 4194 343 4260 9,
363 4193 486 4248 similem
507 4210 534 4262 p.
548 4191 590 4259 85,
605 4189 652 4245 23:
673 4192 745 4254 ἔγνω
765 4190 818 4256 γὰρ
833 4190 907 4254 ἔγνω
922 4194 1022 4256 σαφῶς
1041 4189 1090 4242 vel
1110 4205 1137 4258 p.
1152 4188 1211 4254 tto,
1226 4187 1312 4257 2qu
1332 4189 1391 4255 ῆδει

219 4285 271 4350 γὰρ
292 4285 352 4352 ᾔδει
371 4287 478 4350 σαφῶς,
509 4281 567 4349 134,
582 4280 617 4334 23
636 4282 721 4347 ἐχρῆν
740 4280 794 4346 γὰρ
813 4280 899 4346 ἐχρῆν
920 4280 999 4334 etin
1021 4279 1085 4333 loco
1105 4277 1281 4342 adversarii,
1301 4276 1354 4330 sed
1373 4292 1391 4328 a

219 4373 351 4426 Macerio
377 4372 409 4424 in
436 4371 618 4441 dialogicam
645 4372 770 4424 formam
795 4370 921 4424 redacto
948 4369 987 4439 (p.
1001 4369 1061 4437 129,
1077 4369 1116 4436 l):
1145 4367 1185 4421 ἰδὲ
1203 4367 1258 4432 γὰρ
1277 4365 1317 4418 ἰδὲ
1340 4369 1390 4418 τού

220 4466 314 4529 σοφού
332 4462 386 4526 τῆν
405 4460 558 4527 ἀφήγησιν.
1281 4457 1288 4469 “
