3060 5086
693 279 869 333 ,56-

195 462 347 528 simillimi
370 461 471 527 fuisse
494 461 515 524 ii
541 458 676 546 putandi
700 464 783 543 sunt,
808 479 826 524 e
850 460 964 542 quibus
989 463 1113 524 veteres
1136 459 1236 525 nostri
1259 457 1366 523 Latini

195 570 278 635 versi
302 573 385 634 sunt.
432 567 506 633 Sed
522 586 593 632 cunr
627 567 708 632 haec
738 565 894 650 quaestio,
930 572 965 631 ut
994 564 1132 631 diximus
1156 587 1185 651 p.
1211 565 1262 647 15,
1286 570 1366 646 not,

195 675 237 743 sit
261 674 458 741 difficillima
480 693 584 757 neque
606 673 804 741 certissimae
821 675 959 739 virorum
975 672 1141 739 doctorum
1166 670 1206 738 de
1231 670 1367 755 singulis

196 782 361 848 codicibus
385 782 559 867 opiniones,
591 781 669 848 satis
693 781 881 846 habebimus
904 787 1047 846 statuere
1071 781 1104 844 in
1128 781 1310 845 universum
1335 786 1368 844 ct

195 890 254 956 has
277 910 302 954 s.
327 891 504 974 scripturae
537 889 691 956 lectiones
724 889 853 970 aliaque
886 888 1006 953 indicia
1039 889 1163 953 minora
1196 887 1367 952 convenire

195 997 373 1082 Porphyrio
397 1017 460 1062 non
483 997 586 1062 minus
610 1016 705 1080 quam
729 1002 830 1061 totam
854 994 1031 1062 adversarii
1053 995 1238 1080 imaginem,
1263 994 1367 1080 qualis

196 1124 213 1170 e
237 1105 425 1170 Macariano
449 1123 546 1188 opere
570 1104 783 1188 cognoscitur.

198 1248 411 1258 ——-.-—-

196 1337 365 1403 δήσαντες
383 1335 581 1403 προσήνεγκαν
598 1340 656 1390 κτλ.
677 1350 743 1402 nec,
764 1338 842 1390 sicut
856 1335 920 1389 vult
933 1335 1084 1390 Macarius
1104 1335 1158 1404 (29,
1172 1336 1282 1405 6sqq.),
1302 1338 1370 1406 hys·

197 1441 303 1495 sopum
324 1426 400 1479 dixit
420 1441 474 1494 pro
495 1426 621 1493 calamo,
650 1427 699 1478 cui
719 1441 774 1480 vas
794 1426 856 1479 vini
882 1425 1004 1495 plenum
1030 1427 1242 1496 adligaverint,
1271 1432 1304 1480 ut
1325 1432 1369 1480 est

197 1515 280 1584 apud
305 1517 421 1568 ceteros
445 1514 664 1583 evangelistam
693 1529 859 1583 numquam
884 1516 962 1569 euim
983 1517 1134 1584 posuisset
1158 1517 1223 1569 σὺν
1243 1517 1369 1585 ὑσσώπῳ

195 1605 415 1671 προσδήσαντες.
449 1602 493 1658 Νο
513 1609 614 1658 autem
635 1603 743 1657 leviter
762 1604 837 1656 illud
851 1605 903 1657 σὺν
917 1619 1093 1673 expungam
1107 1609 1141 1658 ut
1155 1620 1269 1658 meram
1284 1605 1370 1660 ditto-

196 1695 365 1764 graphiam,
386 1693 523 1762 pluribus
543 1692 680 1746 adducor
701 1695 809 1747 causis.
839 1693 972 1747 Primum
992 1709 1054 1748 non
1074 1704 1135 1747 tam
1150 1695 1312 1748 manifesta
1325 1699 1371 1748 est

197 1784 365 1838 litterarum
393 1782 567 1851 duplicatio,
596 1793 630 1835 ur
656 1783 754 1835 statim
786 1797 852 1836 eam
882 1783 1041 1836 admittere
1070 1783 1159 1836 liceat
1188 1787 1306 1836 tantum
1332 1783 1371 1836 ad

197 1871 408 1926 difficultatem
436 1869 609 1925 tollendam.
646 1871 811 1925 Praeterea
835 1873 957 1940 hyssopi
982 1877 1093 1926 natura
1117 1887 1179 1926 non
1199 1887 1235 1926 ea
1255 1878 1307 1938 cst,
1336 1876 1370 1925 ut

197 1962 307 2032 gignat
326 1961 475 2030 germina,
495 1960 607 2028 quibus
627 1963 714 2028 quusi
734 1963 849 2030 pertica
868 1961 912 2014 uti
933 1962 1040 2029 possis,
1060 1962 1150 2014 immo
1171 1961 1282 2030 quibus
1297 1961 1370 2015 locis

196 2052 227 2104 in
247 2049 364 2104 Veteris
384 2050 569 2104 Testamenti
590 2049 674 2104 libris
694 2055 945 2105 commemoratur
965 2050 1120 2120 hyssopus,
1149 2052 1216 2120 ,qui
1236 2052 1371 2105 nascitur

196 2141 227 2194 in
247 2138 350 2194 muro“
377 2140 411 2207 (Ι.
431 2139 505 2207 Reg.
526 2138 619 2207 5,13),
649 2140 805 2208 exemplar
834 2145 879 2192 cst
908 2139 1021 2193 herbae
1050 2141 1199 2210 parvulae
1228 2140 1292 2207 (ib.)
1322 2141 1371 2195 vel

197 2244 316 2283 sacrum
346 2229 557 2298 purgatorium
586 2229 854 2297 suffimentumque
883 2228 991 2292 (Levit.
1012 2228 1055 2298 14,
1071 2230 1097 2282 4.
1112 2229 1144 2298 6;
1172 2227 1260 2284 Num.
1281 2231 1322 2298 19,
1342 2231 1370 2294 6)

197 2320 283 2372 cuius
304 2317 452 2388 pugillum
471 2318 536 2388 igni
556 2318 733 2384 immittitur,
754 2324 783 2370 et
802 2317 886 2385 apud
906 2316 1039 2372 Graecos
1059 2320 1222 2388 scriptores
1242 2328 1287 2374 est
1307 2321 1370 2373 vini

197 2408 422 2462 condimentum
446 2411 498 2461 τοὺ
524 2405 689 2461 ὑσσωπλτου
717 2405 898 2472 (Dioscorid.
919 2407 943 2474 5,
958 2406 993 2461 50
1023 2437 1054 2446 —
1085 2409 1115 2461 in
1136 2409 1241 2463 medio.
1263 2408 1370 2464 Graec.

197 2497 330 2552 editione
350 2513 369 2552 a
382 2497 504 2551 Kiihnio
523 2501 630 2566 parata
649 2502 719 2551 tom.
733 2495 817 2550 XXV
836 2513 863 2565 p.
878 2496 930 2551 725
951 2526 981 2536 -
1003 2503 1032 2551 et
1053 2496 1217 2567 Geoponic.
1232 2499 1257 2563 8,
1269 2499 1322 2566 15).
1338 2529 1370 2538 -

197 2587 275 2652 Quid
295 2588 397 2657 igitur,
417 2588 442 2640 si
456 2587 504 2640 hic
518 2587 622 2640 vinnm
642 2586 702 2640 tale
715 2586 836 2640 dicatur
855 2588 950 2650 οἶνος
969 2587 1030 2654 (vel
1049 2589 1123 2656 δξος)
1142 2590 1204 2642 σὺν
1224 2590 1371 2658 ὑσσώπῳ

197 2693 257 2731 non
272 2677 359 2731 aliter
373 2691 464 2744 quam
477 2677 508 2730 in
523 2676 674 2740 nonnullis
685 2674 763 2730 Novi
772 2675 959 2730 Testamenti
973 2677 1129 2731 codicibus
1142 2682 1219 2733 teste
1230 2677 1371 2732 Tischen-

197 2766 295 2820 dorfio
316 2764 373 2818 hoc
392 2765 458 2819 loco
477 2765 589 2836 legitur
608 2766 689 2829 ὄξους
708 2765 793 2832 μετὰ
812 2768 906 2831 χολῆς.
944 2764 1026 2820 idem
1047 2771 1149 2821 autem
1172 2773 1254 2822 certe
1274 2768 1371 2822 voluit

197 2860 286 2908 vetus
306 2855 457 2923 interpres
477 2853 605 2908 Latinus
625 2869 641 2906 c
662 2854 762 2907 verbis
783 2855 922 2922 quamvis
943 2855 1075 2930 confusis
1095 2858 1279 2926 exprimere:
1304 2858 1371 2926 ,by-

188 2959 271 3012 .sopo
291 2942 493 2999 admiscentes
511 2945 671 3012 spongiam
692 2957 766 3011 ergo
784 2943 905 3011 plenam
919 2949 1006 2998 aceto
1021 2960 1088 2998 cum
1103 2945 1173 3001 felle
1188 2947 1371 3016 permixtum

198 3033 292 3102 (sicl)“
315 3064 347 3071 -
368 3049 428 3102 quo
447 3032 630 3103 glossemate
644 3033 774 3086 fortasse
794 3033 889 3101 ,viui“
906 3049 965 3087 vox
980 3049 1144 3104 suppressa
1159 3040 1203 3090 est
1224 3065 1254 3074 —
1278 3052 1371 3104 ,com-

197 3128 344 3192 ponentes
371 3120 574 3176 obtulerunt“.
618 3120 653 3173 In
679 3121 791 3189 quibus
819 3122 1067 3193 ,componentes“
1095 3141 1193 3194 aeque
1219 3125 1372 3181 desiderat

197 3210 414 3265 adminiculum
443 3215 535 3279 atque
564 3211 647 3279 apud
676 3215 812 3266 nostrum
841 3213 1065 3279 προσδήσαντες;
1095 3217 1207 3284 itaque,
1235 3215 1260 3268 si
1289 3220 1372 3271 recte

198 3300 294 3366 video,
322 3300 494 3354 testimonia
514 3300 561 3354 hic
581 3301 726 3356 habemus
746 3301 894 3370 pristinae
918 3303 1056 3357 lectionis
1078 3309 1178 3367 σκεῦος
1197 3305 1248 3357 οὑν
1268 3306 1371 3369 μεστὸν

197 3394 257 3442 τοὺ
277 3390 376 3452 δξους
395 3391 455 3444 σὺν
475 3389 1371 3461 ὑσσώπῳ<καλάμῳνο1λαλοηαίᾱ>προσδήσαντεςκτλ.

197 3479 229 3532 in
249 3479 389 3533 omnibus
408 3459 472 3533 fer⁸e
493 3478 647 3533 codicibus
667 3483 832 3550 corruptae
851 3481 902 3547 ita,
932 3486 965 3535 ut
985 3481 1109 3550 hyssopi
1129 3488 1240 3536 natura
1263 3498 1371 3552 parum

197 3569 257 3620 ium
283 3573 442 3637 perspectu
468 3569 493 3621 is
518 3569 654 3637 perticae
679 3570 761 3623 vices
791 3571 945 3639 suscipere
974 3575 1136 3638 cogeretur
1164 3587 1217 3641 pro
1248 3572 1371 3626 calamo.

197 3656 308 3710 Verum
328 3659 431 3711 autem
450 3658 494 3710 rei
514 3661 625 3710 statum
646 3657 747 3713 adhuc
766 3658 865 3713 reddit
884 3658 1010 3712 Nonnus
1034 3660 1065 3711 in
1091 3661 1177 3728 epica
1200 3675 1256 3714 sua
1281 3676 1372 3714 evan·

197 3746 269 3814 gelii
290 3745 412 3800 Ioannis
432 3746 621 3815 paraphrasi,
642 3762 734 3817 quam
753 3748 854 3802 attulit
876 3747 1138 3804 Tischcndorlius:

647 3877 695 3891 ...
716 3838 788 3904 ἀνήρ
807 3838 838 3891 τέ
857 3854 898 3900 τις
917 3838 980 3901 ὀξὺς
999 3839 1122 3902 ἀκούσας

347 3926 474 3992 σπόγγον
493 3926 672 3993 ὑποβρυχίων
693 3928 806 3981 ἀδύτων
827 3925 972 3992 βλάστημα
991 3929 1135 3994 θαλάσσης

348 4016 456 4082 πλήσας
475 4005 657 4084 δριμυτάτοιο
677 4021 768 4070 ποτοὺ
788 4019 832 4069 καί
852 4016 970 4082 διψάδος
989 4018 1078 4083 ἅλμης

350 4105 517 4173 ἰθυπδρου
538 4106 691 4171 καλάμου
707 4106 802 4171 παρὰ
821 4107 961 4160 νείατον
980 4109 1085 4173 ἄκρον
1105 4106 1237 4174 ἐρείσας

349 4196 456 4262 ὤρεγεν
474 4197 625 4264 ὑσσώπῳ
646 4195 899 4262 κεκερασμένον
919 4198 994 4260 δξος
1013 4201 1068 4250 etc.
