3060 5086
699 663 778 748 Gap.
803 663 859 728 IV.

196 861 396 945 Porphyrii
436 861 621 941 ingenium
659 876 777 927 mores
816 859 954 942 placita
994 857 1251 942 comparantur
1289 875 1370 922 cum

197 968 344 1036 hlaoarii
366 967 591 1052 philosopho
598 988 608 1048 3
634 967 878 1048 congeruntur
894 965 997 1052 ,aliae
1020 966 1196 1048 rationeS,
1221 965 1371 1046 quaein

550 1074 797 1159 Porphyrium
821 1073 1009 1155 quadrent.

304 1253 474 1338 Porphyrii
492 1254 571 1318 κατὰ
596 1253 800 1332 Χριστιανῶν
823 1251 920 1317 libros
940 1252 1027 1318 iussu
1045 1252 1175 1328 alterins
1192 1249 1372 1316 Theodosii

198 1361 380 1427 combustos
405 1381 474 1426 esse
498 1367 595 1443 atque
625 1361 722 1424 etiam
747 1379 818 1424 oum
842 1347 1089 1424 refutationibus
1112 1357 1278 1440 Methodii,
1309 1357 1373 1422 Eu·

199 1468 290 1551 aebli,
321 1461 523 1553 Apollinarii,
561 1466 769 1550 Philostorgii
807 1466 971 1551 deperisse
1008 1473 1134 1532 constat
1143 1469 1177 1547 1),
1213 1467 1296 1531 siout
1330 1464 1373 1529 de

197 1576 314 1641 ceteris
348 1595 474 1657 quoque
508 1575 636 1660 scriptis
669 1573 850 1659 philosophi
886 1575 926 1638 oh
955 1573 1196 1640 infestissimum
1220 1573 1372 1652 fortasse,

199 1681 284 1766 quod
308 1702 386 1766 prae
410 1702 444 1747 ee
468 1683 626 1764 ferebant,
649 1701 765 1746 nomen
788 1703 850 1747 non
867 1683 913 1746 ita
928 1682 1029 1746 multa
1045 1681 1138 1746 nobis
1154 1686 1283 1745 servata
1300 1699 1372 1746 esse

200 1789 358 1869 dolemus,
383 1788 440 1854 sed
465 1796 497 1856 et
522 1789 562 1854 de
587 1790 655 1854 eius
679 1789 808 1871 ingenie
833 1795 960 1872 praeter
983 1807 1032 1870 ea,
1058 1808 1140 1871 qnae
1158 1807 1197 1852 ex
1214 1787 1283 1852 cius
1300 1786 1372 1851 reli-

198 1898 290 1980 quiis,
310 1877 453 1961 ⁸manime
477 1917 494 1961 e
518 1899 586 1961 vita
609 1896 738 1979 Plotini,
771 1895 861 1961 effici
891 1902 1032 1980 possunt,
1072 1895 1172 1960 multa
1203 1900 1373 1960 narrarunt

197 2006 371 2088 scriptores
395 2004 608 2069 ecclesiastici
633 2011 665 2068 et
689 2003 838 2067 nonnulla
863 2023 904 2067 cx
928 2002 1012 2068 illius
1036 2002 1124 2067 libris
1148 2008 1259 2067 contra
1281 2001 1373 2066 Chri-

200 2112 321 2176 stianos
346 2109 535 2194 conscriptis
558 2116 727 2176 servarunt
751 2110 943 2193 fragmenta,
969 2128 1051 2192 quae
1068 2109 1226 2194 disposuit
1242 2107 1279 2174 L.
1295 2108 1371 2173 Hol-

199 2218 321 2282 stenius
345 2218 365 2281 l.
381 2217 447 2295 li).
914 2283 916 2286 .

307 2323 481 2389 Videamus
505 2325 613 2407 igitur,
637 2343 722 2406 num,
758 2344 840 2407 quae
870 2323 956 2410 apud
981 2325 1114 2389 Macarii
1149 2323 1371 2390 adversarium

198 2431 343 2514 legimus,
377 2431 409 2495 in
435 2432 616 2496 universnm
640 2431 856 2516 respondeant
885 2431 1024 2515 ingenio,
1058 2432 1209 2513 moribus,
1243 2432 1371 2517 placitis

198 2538 282 2602 illius
300 2537 481 2624 Porphyrii,
507 2539 632 2620 qualem
650 2537 748 2603 fuisse
766 2558 837 2603 curn
861 2539 953 2604 nohis
978 2538 1199 2622 effingendam
1217 2546 1275 2622 est,
1301 2560 1371 2606 curn

198 2645 297 2710 libros
324 2644 406 2708 ’τατά
432 2644 633 2723 Χριστιανῶν
668 2651 882 2729 componeret.
930 2646 1077 2728 Namque
1106 2644 1305 2729 Porphyrius
1334 2665 1372 2709 ea

199 2757 248 2817 est
271 2751 392 2834 ingenii
416 2759 541 2833 natura,
565 2758 601 2814 nt
625 2757 680 2815 aut
704 2753 800 2815 miras
825 2753 1009 2835 opinionum
1029 2751 1264 2836 discrepantias
1279 2753 1372 2817 relin-

133 2891 141 2911 ·
199 2877 332 2940 quamue
355 2859 388 2921 in
412 2877 460 2940 eo,
495 2859 549 2940 qui
573 2856 691 2922 Plotini
725 2858 839 2941 spiritu
873 2857 1008 2923 inflatus
1039 2857 1081 2923 ad
1114 2859 1301 2943 purissimas
1332 2858 1371 2923 de

199 2964 309 3029 divina
333 2970 447 3028 natura
480 2965 657 3029 sententias
690 2966 893 3047 maximeque
925 2965 1097 3048 ingenuum
1132 2985 1202 3030 sese
1237 2965 1369 3031 eleuarit

202 3071 341 3136 studium
367 3071 464 3136 animi
481 3091 542 3136 non
560 3091 682 3137 morum
700 3071 795 3137 modo
815 3073 1012 3156 integritate,
1036 3071 1092 3137 sed
1110 3073 1235 3138 sincera
1251 3059 1367 3155 pietate

307 3270 333 3336 1)
353 3268 396 3323 Cl.
415 3268 567 3336 Hernack,
589 3266 696 3322 Gesoh.
716 3269 743 3322 d.
764 3268 916 3324 altchristl.
936 3268 994 3322 Lit.
1015 3268 1028 3321 Ι
1048 3269 1064 3322 2
1083 3285 1111 3338 p.
1125 3270 1186 3336 873,
1211 3268 1263 3322 ubi
1281 3267 1369 3320 miror

199 3359 277 3413 illius
307 3360 406 3429 operis
434 3358 554 3412 titulum
584 3357 684 3412 adhuc
712 3359 773 3428 legi
792 3375 821 3411 π.
840 3362 892 3424 τῆς
921 3358 953 3412 ἐκ
980 3358 1086 3423 λογίων
1109 3358 1279 3426 φιλοσοφίας
1303 3359 1371 3412 κατὰ

199 3449 373 3516 Χριστιανῶν
393 3449 471 3513 λόγοι
491 3452 530 3514 ιε’,
551 3462 610 3516 quo
641 3447 771 3502 duorum
800 3463 927 3517 operum
947 3450 1048 3502 nescio
1069 3449 1121 3517 qui
1140 3450 1255 3503 iactum
1275 3448 1372 3515 situl

199 3538 273 3592 falso
294 3537 520 3592 confundantur
538 3537 758 3607 inscriptiones,
779 3537 928 3606 siquidem
948 3541 978 3590 et
997 3536 1155 3606 Eusebius,
1176 3538 1286 3606 quihus
1302 3537 1372 3592 locis

199 3627 398 3696 Porphyrium
419 3626 611 3680 oraculorum
630 3627 827 3695 interpretem
847 3629 949 3680 monet
967 3612 1097 3680 eundem
1113 3642 1187 3694 esse,
1202 3625 1253 3694 qui
1268 3631 1371 3678 contra

201 3715 384 3772 Christianos
413 3716 567 3785 scripserit
596 3715 714 3786 (Praep.
734 3731 780 3769 ev.
800 3732 828 3785 p.
844 3715 923 3769 189b
950 3719 979 3768 et
1003 3714 1093 3780 sele)
1123 3715 1282 3769 manifesto
1312 3712 1370 3766 duo

199 3821 291 3876 opera
312 3805 433 3860 diversa
453 3805 614 3874 significat,
643 3819 742 3874 neque
763 3804 845 3874 apud
865 3802 989 3860 Suidam
1009 3806 1026 3870 ἡ
1047 3807 1078 3858 ἐκ
1097 3803 1200 3868 λογίων
1219 3802 1371 3869 φιλοσοφία

199 3895 354 3964 praecedit
382 3895 474 3948 libros
506 3897 576 3948 κατὰ
593 3895 776 3961 Χριστιανῶν,
801 3893 854 3948 sed
884 3894 974 3963 plane
1003 3893 1149 3948 omittitur
1177 3893 1208 3945 in
1232 3892 1369 3961 catalogo

199 3985 378 4054 scriptorum
389 3984 674 4054 Porphyrianorum.
699 3983 832 4036 Titulum
851 3986 953 4038 autem
972 3984 1031 4036 iam
1050 3980 1369 4048 restituitHolstenius,

199 4074 372 4143 fragmenta
400 4073 607 4143 philosophiae
636 4087 675 4126 ex
704 4071 834 4126 oraculis
863 4072 1051 4126 hauriendae
1081 4075 1300 4125 commentatus
1330 4075 1370 4124 cst

200 4161 357 4219 Gustavus
376 4162 469 4218 Wolff
491 4162 631 4228 (Berolin.
652 4161 741 4226 1855).

306 4251 334 4316 2)
354 4252 450 4317 Quam
475 4268 548 4306 vero
573 4251 766 4306 Harnackius
794 4252 861 4306 loco
890 4251 978 4306 modo
1007 4250 1131 4305 laudato
1161 4254 1370 4306 commemorat

199 4344 398 4400 recentiorem
426 4343 533 4396 horum
563 4343 805 4412 fragmentorum
839 4340 1046 4395 collectionem
1076 4356 1094 4396 a
1118 4341 1275 4395 Lardnero
1305 4355 1370 4392 con-

200 4436 319 4502 fectam,
339 4449 399 4488 non
420 4433 554 4502 contigit,
574 4436 608 4485 ut
627 4431 697 4486 mihi
717 4446 932 4501 compararem.
