3060 5086
710 224 886 279 „32-

214 399 256 466 ad
280 407 480 487 argumenta,
513 422 595 486 qnae
619 403 743 469 iaciunt
776 410 889 470 contra
914 405 1055 488 Celsum,
1091 404 1316 470 confirmanda
1347 403 1381 468 id

212 510 344 576 multum
369 511 477 577 valere
499 531 603 594 neque
627 509 670 577 ad
694 511 792 578 alium
816 512 1015 598 scriptorem,
1041 514 1092 580 eui
1108 513 1174 578 alia
1189 513 1291 578 multa
1309 532 1382 577 con·

212 617 369 702 venirent,
404 617 654 701 excludendum
691 639 828 703 namque
852 620 965 704 exiis,
997 640 1081 704 quae
1104 619 1145 686 de
1169 621 1312 686 blacerio
1335 637 1382 682 re

212 730 387 792 tractatore
420 726 638 812 cognovimus,
672 727 752 794 talia
775 733 952 812 temporum
976 727 1097 794 indicia
1128 729 1160 792 in
1184 727 1382 811 argumentis

212 852 251 898 ex
275 831 452 900 adversarii
481 832 562 899 libro
593 834 728 920 sumptis
751 835 792 899 ab
817 854 855 900 eo
879 834 1034 901 facillime
1058 841 1182 900 mutata
1205 853 1275 900 esse
1299 833 1382 898 arhi-

211 938 376 1036 tuahimur,
401 945 434 1004 ut
459 938 623 1024 dialogum
647 941 761 1006 fictum
785 941 850 1006 suis
875 941 1072 1026 temporibus
1095 941 1294 1023 admoveret,
1319 939 1382 1003 for-

211 1053 297 1114 tasse
321 1046 374 1112 hic
398 1046 441 1114 nil
466 1048 516 1114 nis
539 1047 618 1114 COO
647 1068 704 1134 pro
729 1047 781 1116 CO
809 1049 1042 1133 substituendo,
1077 1054 1112 1114 ut
1135 1046 1274 1114 coniecit
1298 1047 1382 1114 Nen-

210 1173 344 1220 manuus
367 1155 399 1236 (l.
417 1154 452 1236 l.)
477 1173 560 1222 nunc
583 1156 740 1241 probante
764 1154 887 1221 Zahnio
911 1156 945 1236 (l.
962 1156 1007 1236 l).

316 1262 458 1328 Proximi
482 1261 546 1328 iam
571 1261 763 1329 Christianis
786 1263 949 1347 religionis
972 1269 1223 1350 oppugnatores,
1249 1262 1291 1327 de
1315 1263 1384 1346 qui-

210 1369 269 1436 bus
292 1368 415 1453 aliquid
442 1376 636 1456 compertum
661 1370 825 1454 habemus,
860 1363 926 1436 duo
958 1377 1043 1453 sunt,
1075 1391 1157 1456 quos
1180 1371 1383 1436 Lactantius

209 1477 292 1542 dicit
309 1475 387 1558 (div.
405 1476 478 1544 inst.
493 1476 531 1560 V,
548 1478 569 1542 2
586 1482 618 1544 et
634 1478 679 1560 3),
703 1497 766 1560 quo
783 1484 926 1563 tempore
943 1477 1142 1544 Christianos
1158 1476 1383 1543 Diocletianus

210 1588 243 1650 et
267 1582 414 1650 Galerius
437 1590 713 1670 persequerentur,
738 1584 828 1650 libris
844 1604 970 1668 quoque
986 1584 1144 1650 iacentem
1164 1591 1196 1650 et
1220 1585 1383 1650 abiectam

210 1690 380 1758 veritatem
404 1709 575 1776 aggressos
599 1711 679 1759 esse.
720 1691 861 1772 Quorum
885 1692 1032 1776 alterum,
1056 1693 1121 1775 qui,
1145 1697 1180 1756 ut
1204 1692 1381 1757 antistitem

209 1816 244 1864 se
269 1797 491 1884 philosophiae
515 1799 739 1885 profitebatur,
764 1800 810 1867 ita
828 1806 897 1866 erat
913 1798 1104 1868 libidinosus
1120 1804 1152 1864 et
1175 1805 1382 1884 sumptuosus

209 1911 307 1988 atque
338 1904 576 1974 adulationihus
613 1906 793 1992 principum
831 1907 979 1990 gratiam,
1018 1905 1059 1972 de
1096 1906 1265 1993 prostratis
1304 1925 1381 1970 vero

208 2011 399 2080 Christianis
423 2013 551 2078 facilem
575 2015 742 2080 victoriam
759 2019 924 2098 reportare
940 2013 1001 2079 sibi
1018 2013 1199 2095 videbatur,
1222 2012 1279 2078 sed
1297 2019 1382 2077 utra-

209 2139 271 2204 que
295 2139 352 2206 spe
376 2118 531 2206 deceptus
555 2127 614 2204 est,
645 2120 802 2186 Barouius
827 2120 1020 2186 clarissimus
1043 2121 1098 2186 ille
1121 2140 1225 2185 rerum
1250 2119 1380 2186 ecelesi-

208 2227 381 2294 asticarum
411 2226 558 2313 scriptor,
592 2247 662 2294 esse
687 2227 899 2312 Porphyrium
933 2227 1152 2312 contenderat,
1186 2224 1272 2310 quod
1306 2245 1379 2292 cum

209 2341 386 2420 temporum
410 2333 587 2401 rationibus
617 2340 684 2400 tum
717 2334 934 2421 descriptione
968 2355 1089 2400 morum
1121 2334 1277 2402 refutavit
1301 2333 1380 2398 Hol-

209 2441 375 2525 stenius1),
399 2441 556 2508 Henricus
589 2448 695 2508 autem
720 2441 852 2508 Kellner
875 2443 1048 2508 Maximum
1071 2441 1246 2526 Ephesium
1282 2440 1379 2524 signi-

208 2547 302 2614 ficari
319 2547 598 2633 praestigiatorem
616 2550 719 2632 magis
736 2568 831 2633 quam
847 2548 1072 2635 philosophum
1086 2549 1268 2634 suspicatus
1281 2548 1377 2626 est²l;

208 2655 348 2721 alterum
371 2657 517 2741 putantf)
540 2655 640 2722 fuisse
658 2656 838 2722 Hieroclem
855 2655 942 2721 illum
965 2654 1114 2732 iudicem,
1139 2655 1229 2720 cuius
1252 2653 1379 2721 libellos

208 2760 289 2827 duos
312 2761 420 2844 aliqua
444 2781 486 2826 ex
509 2769 600 2846 parte
624 2762 779 2827 refutavit
802 2762 1002 2842 Eusebiuse).

315 2868 362 2933 Ac
386 2887 426 2934 ne
450 2867 499 2934 his
529 2867 660 2952 quidem
691 2874 767 2952 apte
800 2887 974 2952 congruere
1006 2868 1078 2953 plus
1112 2872 1273 2934 trecentos
1305 2867 1379 2954 illos

208 2994 308 3042 anuos
332 2975 461 3061 paulum
485 2975 595 3058 refert,
620 2975 677 3042 sed
701 2981 889 3059 argumenta
913 2974 1089 3041 adversarii
1107 2975 1280 3041 Macariani
1305 2995 1379 3040 eon-

206 3081 337 3150 veuient
371 3083 485 3148 uentri.
537 3083 588 3147 De
621 3084 726 3167 priore
758 3088 864 3147 autem
897 3101 989 3147 nemo
1023 3082 1188 3166 cogitavit,
1225 3081 1377 3165 quoniam

207 3189 342 3273 ineptus,
367 3207 478 3270 vanus,
502 3188 665 3272 ridiculus,
696 3189 823 3273 qualem
848 3187 1038 3254 Lactantius
1062 3189 1149 3254 illum
1173 3187 1374 3266 describit⁵)‚

206 3315 246 3362 ue
271 3292 529 3362 fastidiosissime
554 3293 683 3378 quidem
708 3295 894 3362 adversario
917 3295 1120 3360 Macarianus
1143 3301 1251 3359 noster
1274 3292 1377 3377 philo·

205 3402 324 3489 sophus
358 3400 423 3466 dici
456 3408 563 3488 potest
595 3421 656 3468 nec
691 3402 790 3468 nostri
826 3409 1016 3485 argumenta
1051 3402 1118 3467 scio
1153 3420 1217 3483 qua
1251 3400 1379 3466 ratione

312 3581 339 3648 1)
358 3579 390 3634 L.
403 3579 420 3634 l.
441 3596 468 3650 p.
483 3579 517 3634 14
528 3595 570 3649 sq.

310 3669 338 3736 2)
356 3668 428 3738 Egit
448 3669 485 3722 ‹le
504 3669 549 3724 his
569 3670 767 3739 scriptoribus
786 3669 817 3722 in
837 3669 922 3736 libro,
941 3669 990 3722 oui
1010 3673 1055 3723 est
1074 3669 1192 3723 titulus:
1216 3667 1378 3736 ,Hellenis-

204 3772 270 3812 mus
289 3757 353 3812 und
372 3756 601 3825 Christenturn“,
622 3757 691 3812 edit.
712 3757 854 3813 Coloniae
874 3757 952 3824 1866,
972 3774 999 3827 p.
1013 3758 1066 3812 218
1076 3773 1140 3826 sqq.

310 3845 338 3912 3)
358 3845 401 3902 Of.
420 3845 476 3902 Ad.
496 3846 649 3912 Harnack,
669 3845 777 3902 Gesch.
796 3847 824 3900 d.
844 3845 998 3901 altchristl.
1017 3845 1073 3900 Lit.
1095 3846 1108 3898 Ι
1126 3845 1144 3898 2
1162 3861 1190 3914 p.
1203 3845 1264 3898 873.

310 3936 339 4002 4)
357 3935 435 4002 Πρὸς
462 3937 528 4000 τοὺς
556 3937 628 4002 ὑπὲρ
647 3935 835 3989 Ἀπολλωνίου
858 3940 910 3988 τοῦ
929 3935 1060 3999 Τυανέως
1078 3933 1244 4000 Ἱεροκλέους
1263 3935 1376 4000 λόγους.

203 4022 253 4080 Sic
272 4022 464 4078 Harnackius
484 4040 500 4079 e
520 4024 628 4078 Photio
648 4024 804 4078 coustituit
823 4024 943 4077 titulum
963 4022 1081 4090 (Gesch.
1101 4021 1128 4074 d.
1149 4021 1302 4076 altchristl.
1316 4023 1375 4078 Lit.

203 4113 287 4184 l‘2p.
298 4113 370 4180 uel),
390 4113 477 4168 aliter
496 4113 628 4182 Miguius
646 4112 677 4164 in
697 4111 837 4166 Editioue
856 4112 947 4178 (Patr.
961 4110 1068 4165 Graec.
1087 4115 1106 4163 t.
1120 4109 1163 4175 22,
1183 4125 1211 4179 p.
1225 4109 1376 4180 l95sqq.);

204 4205 315 4272 legitur·
334 4203 425 4256 etium
445 4203 476 4256 iu
495 4201 625 4269 Kayseri
644 4199 776 4254 editione
795 4201 877 4254 vitae
897 4198 1046 4268 Apollonii
1065 4212 1083 4250 a
1102 4197 1284 4251 Philostrato
1305 4215 1375 4252 cou-

202 4293 260 4346 scri
284 4297 349 4346 tae.-

263 4309 281 4362 p
309 4380 337 4446 b)
357 4378 455 4450 ploti,
468 4379 486 4430 8
505 4377 574 4432 odit.
586 4375 728 4431 Academ.
739 4377 907 4430 Vindobon.
922 4390 941 4426 a
954 4373 1093 4428 Samuele
1103 4372 1217 4426 Braudt
1237 4380 1374 4430 curatae.
