3060 5086
199 485 257 566 τὰς
281 483 392 563 πόλεις
416 484 451 549 ἐκ
473 483 628 564 θεμελίων
644 481 787 548 datorum
804 483 984 562 ἐκκλησίας.
1009 518 1052 529 -
1076 482 1118 547 Et
1135 483 1189 565 qui
1206 481 1370 547 historiam

200 590 435 658 architecturae
468 589 709 656 ecclesiasticae
743 590 949 676 scripserunt,
986 589 1213 672 contendunt1)
1237 590 1371 670 Rornae,

200 697 254 766 uhi
279 697 475 786 Porphyrius
500 718 649 782 magnam
675 698 761 764 vitae
784 704 908 782 partem
933 696 1034 782 degit,
1058 696 1165 762 medio
1189 717 1214 762 s.
1236 696 1295 760 111.
1321 714 1371 759 eo-

201 805 315 874 elesias
338 805 381 870 46
405 805 437 872 in
462 805 607 872 manibus
631 804 700 888 cius
723 805 825 890 partis
849 802 1101 870 Christianorum
1126 803 1234 885 fuisse,
1259 803 1313 885 qni
1338 820 1372 866 se

200 911 387 1000 appellabat
411 912 596 979 catholicos.

308 1019 366 1085 His
398 1025 505 1086 auteur
538 1020 565 1085 si
599 1017 640 1084 ad
674 1017 813 1084 medium
847 1019 916 1084 iere
946 1039 971 1084 s.
996 1019 1056 1088 ΙΙΙ.
1081 1017 1270 1083 deducimur
1294 1023 1373 1081 tem-

200 1146 311 1214 porurn
328 1125 466 1208 indiciis,
491 1125 623 1193 Macarii
640 1125 858 1192 adversarium
882 1146 921 1190 ne
939 1126 1038 1192 multo
1055 1125 1183 1208 quidem
1204 1130 1276 1209 post
1302 1144 1372 1188 eam

200 1233 371 1322 Porphyrii
408 1240 548 1300 aetatem
583 1232 749 1320 scripsisse
785 1233 956 1299 verisimile
992 1239 1049 1314 ost,
1086 1233 1235 1315 quoniam
1265 1250 1374 1296 earum

202 1361 316 1424 reulum,
342 1342 457 1426 quibus
480 1341 522 1406 ab
545 1342 673 1406 ineunte
697 1359 721 1405 s.
745 1340 800 1406 lV.
827 1339 1001 1406 Christiani
1025 1340 1241 1425 agitabantur,
1266 1360 1374 1404 mona·

202 1449 331 1516 chorum
349 1446 588 1516 consuetudinis
611 1455 644 1514 et
661 1447 914 1532 theologicarum
938 1446 979 1513 de
997 1447 1206 1531 christologia
1230 1467 1270 1512 ac
1286 1447 1374 1510 trini·

201 1563 267 1624 tate
292 1556 542 1644 disputationum
567 1574 721 1640 nusquam
746 1557 938 1621 mentionem
963 1554 1054 1636 iacit,
1079 1557 1175 1619 immo
1200 1553 1372 1635 Macarius,

202 1663 322 1730 utiam
347 1663 563 1748 cognovimus,
593 1661 671 1728 data
696 1683 795 1747 opera
819 1683 878 1730 uec
901 1664 970 1730 sine
995 1663 1103 1746 aliqua
1128 1662 1159 1727 vi
1183 1662 1312 1746 saepius
1335 1679 1374 1724 ea

201 1770 388 1838 introduxit.

308 1876 483 1942 Videamus
506 1875 654 1961 denique,
679 1898 764 1960 nurn,
788 1879 814 1944 si
840 1897 903 1960 qua
919 1879 1059 1943 locorum
1073 1877 1124 1942 vel
1139 1876 1305 1958 regionum
1328 1875 1375 1937 in·

202 1985 372 2052 veniuntur
394 1982 525 2065 iudicia,
559 1977 750 2050 ea'iaciant
782 1984 824 2049 ad
848 1985 1062 2070 Porphyrium
1095 1989 1258 2048 auctorem
1292 2002 1376 2047 corn·
1453 2005 1457 2014 ·

203 2091 412 2178 probandum.
451 2091 602 2176 Magnam
619 2098 725 2158 auteur
743 2093 908 2174 regionum
933 2091 984 2156 rel
1001 2091 1190 2176 populorum
1206 2090 1375 2155 scientiam

202 2207 310 2266 noster
332 2199 365 2264 in
388 2200 581 2284 fragmentis
603 2199 697 2266 nobis
720 2200 856 2266 mrvatis
875 2218 938 2264 non
965 2198 1153 2282 profitetur:
1178 2197 1319 2282 Scythas
1342 2203 1373 2260 et

202 2306 395 2390 Longaeuos
410 2306 588 2392 Aethiopes
610 2328 643 2391 p.
659 2307 724 2389 94„
749 2327 812 2390 quo
835 2306 907 2373 ioco
930 2307 1042 2391 ipsius,
1067 2325 1130 2370 non
1146 2303 1282 2369 Meceni
1305 2322 1375 2369 esse

202 2412 450 2498 disputationem
474 2432 601 2494 comeo,
625 2414 724 2480 aiiert
748 2421 783 2478 ut
799 2414 941 2480 terarum
965 2415 1110 2497 gentium
1127 2413 1293 2496 exempla3
1317 2411 1374 2474 ihi-

203 2519 276 2586 dem
300 2520 486 2606 Harpagum
511 2521 643 2588 Persam
671 2529 704 2586 et
728 2520 938 2586 Potidaeatas
965 2521 1111 2604 aliosque
1139 2521 1293 2584 historiae
1323 2517 1376 2581 rei

202 2626 333 2694 fabulae
357 2626 553 2693 Graecorum
576 2625 731 2707 homines,
755 2629 810 2710 qui
833 2629 937 2693 eoacti
963 2628 1134 2692 humanam
1151 2625 1376 2691 manducarint

202 2752 341 2814 carnem,
364 2732 421 2800 sed
444 2733 486 2798 de
508 2735 598 2800 libris
620 2755 660 2800 ac
676 2736 774 2800 certis
791 2735 930 2800 iortaese
945 2735 1164 2819 exemplorum
1179 2731 1375 2798 eodeotioni-

203 2841 262 2906 hus
295 2841 375 2906 sumi
397 2842 502 2926 potuit
529 2840 610 2908 haee
633 2841 748 2906 notitia
772 2862 836 2906 non
859 2841 954 2906 aliter
981 2863 1076 2924 quam
1100 2841 1314 2925 Porphyrium
1342 2842 1376 2904 in

202 2946 269 3014 suis
288 2947 378 3014 libris
402 2947 635 3034 componendis
658 2968 676 3012 e
700 2949 799 3014 uariis
822 2949 966 3014 tontibus
989 2948 1073 3012 haud
1094 2948 1235 3012 maxima
1250 2967 1377 3032 semper

202 3053 370 3138 diligentia
387 3055 583 3140 corripuisse
597 3075 656 3122 sua
672 3062 818 3140 apparot,
841 3055 1000 3137 siquidem
1016 3057 1050 3118 in
1066 3054 1181 3119 eodem
1196 3077 1231 3118 π.
1248 3054 1375 3132 ἀποχῆς

203 3181 302 3246 opere
332 3182 364 3246 p.
389 3161 466 3240 206,
504 3163 543 3226 li
568 3182 641 3244 sqq.
663 3161 790 3227 Nauck.
825 3168 935 3226 narrat
969 3162 1110 3244 Scythas
1141 3169 1251 3246 patres
1282 3182 1377 3225 senes

203 3266 383 3346 comedere,
406 3288 437 3352 p.
463 3269 539 3343 rut,
564 3269 586 3332 9
608 3289 677 3352 sqq.
700 3269 797 3354 piane
819 3268 908 3332 aliud
931 3268 1118 3352 indignatur
1140 3271 1175 3332 in
1197 3270 1249 3349 iis,
1277 3267 1376 3350 quod,

202 3393 284 3456 quos
306 3375 441 3456 quisque
463 3381 606 3440 mortuus
627 3375 767 3440 maxime
790 3378 917 3457 ammit,
949 3396 1006 3440 eos
1028 3376 1121 3440 rivos
1149 3397 1222 3440 oum
1251 3376 1305 3439 illo
1328 3395 1377 3440 sc

203 3481 334 3568 poliant.
363 3517 405 3526 -
434 3481 503 3548 Neo
527 3484 633 3568 magia
654 3489 775 3563 noster,
798 3504 870 3548 oum
894 3503 912 3548 e
935 3485 1088 3548 memoria
1110 3485 1193 3567 petit
1216 3483 1375 3567 exempla,

204 3609 354 3672 magnam
377 3588 502 3674 profert
525 3591 704 3671 seientiam,
729 3591 816 3656 reiut
838 3612 870 3674 p.
887 3592 965 3671 200,
987 3593 1020 3670 4,
1043 3590 1099 3654 ubi
1121 3591 1221 3654 variis
1243 3592 1377 3654 nummi-

204 3695 264 3760 hus
286 3695 371 3780 apud
395 3693 540 3760 diversos
561 3697 699 3782 populos
721 3697 836 3762 eadem
850 3698 981 3762 numina
996 3697 1154 3780 appellari
1170 3696 1376 3778 expositurus

203 3807 262 3880 est,
293 3801 487 3866 Graecorum
511 3800 629 3885 Ἀθηνᾷ
658 3803 718 3868 uisi
742 3804 958 3868 Romanorum
982 3804 1159 3866 hiiuerrarn
1186 3804 1291 3865 nescit
1321 3824 1377 3886 ap-

203 3927 332 3992 ponere,
357 3908 547 3992 Aegyptios
571 3910 680 3994 Syros
705 3910 851 3976 Thraces
873 3909 983 3988 ἄλλως
1003 3909 1098 3974 modo
1115 3910 1378 3987 προσαγορεύον-

203 4035 263 4094 τας
285 4014 394 4094 addit;
428 4015 646 4082 Romanorum
667 4025 776 4084 antem
809 4038 862 4082 res
892 4023 928 4082 ut
960 4019 995 4082 in
1025 4023 1091 4080 toto
1116 4026 1208 4080 erant
1239 4018 1374 4101 imperio

203 4122 352 4202 nudares,
389 4123 436 4186 ita
464 4123 674 4208 Porphyrius,
708 4145 781 4190 cum
810 4123 885 4188 inde
913 4145 935 4188 a
962 4122 1123 4188 tricesimo
1152 4124 1271 4188 aetatis
1296 4144 1374 4188 snae

312 4371 336 4433 1)
357 4369 453 4426 Dehio
477 4380 506 4424 et
526 4387 553 4422 v.
567 4369 688 4435 Beaold,
709 4371 781 4440 „Dio
807 4371 971 4424 kiruhlicha
995 4370 1155 4427 Bauknnst
1183 4372 1238 4424 des
1254 4369 1376 4426 Abund-

204 4459 326 4514 Μεθ’*
347 4459 369 4526 1,
389 4477 417 4530 p.
434 4461 466 4514 id
