3060 5086
658 249 833 328 -ra-
953 349 959 361 .

161 455 246 521 illius
264 456 429 522 Nicacnac
446 455 497 520 vel
515 453 613 521 etiam
630 454 851 540 provectioris,
875 459 1019 538 utsupra
1034 451 1331 538 demonstravimus,

162 579 222 627 nec
246 561 402 627 rationem
428 561 526 627 habet
556 582 595 627 eo
623 562 777 648 sellonge
801 559 1029 645 disputationis
1053 560 1137 626 fines
1161 560 1330 627 excedere.

162 653 289 734 Etenim
314 669 391 753 quid
416 675 528 734 curant
551 670 670 754 pagani
695 669 864 752 mysticam
888 668 1075 752 allegoriam
1100 669 1203 753 operti
1221 669 1332 734 lateris

161 775 279 842 Christi
309 797 339 861 p.
362 778 403 842 32
435 777 639 862 explicatam,
675 774 752 857 quid
786 767 998 840 orthodoxam
1031 774 1072 840 de
1102 774 1332 840 cenadomini

161 883 353 949 sententiam
386 905 484 968 pagg.
513 885 639 949 105—-7
677 883 856 968 prolatam,
882 881 959 965 quid
995 883 1088 948 trium
1117 883 1149 947 in
1172 903 1236 948 una
1260 883 1330 948 tub·

161 991 282 1054 stantia
305 1007 510 1074 personarum
535 989 713 1056 divinarum
738 991 950 1074 proprietates
978 989 1183 1072 actionesque
1208 1011 1238 1074 p.
1264 991 1330 1056 209

163 1096 309 1181 plurimis
336 1099 441 1164 verbis
464 1097 665 1183 descriptas?
713 1096 809 1180 Quid,
834 1096 919 1180 quod
944 1098 976 1161 in
1000 1096 1131 1162 difficili
1155 1117 1232 1164 sane
1257 1097 1332 1164 dae·

164 1223 292 1269 monum
309 1212 341 1270 et
358 1225 524 1290 porcorum
542 1204 677 1271 historia
693 1225 756 1269 non
773 1204 921 1270 refutatis
945 1203 1123 1271 adversarii
1148 1205 1333 1273 criminibus

162 1332 193 1394 p.
220 1313 271 1394 77,
296 1313 339 1377 25
374 1313 457 1378 ultro
487 1313 538 1378 vel
573 1317 722 1397 corrupto
751 1331 775 1377 s.
801 1312 978 1396 scripturae
1013 1317 1103 1378 textu
1136 1311 1331 1397 superfluam

162 1417 339 1484 introducit
353 1419 613 1505 disputationem,
631 1439 703 1484 cum
715 1418 874 1484 Christum
889 1439 929 1484 ex
942 1401 1110 1485 daemonio
1127 1425 1332 1502 quaerentem

163 1524 280 1591 faciat:
304 1527 333 1590 ri
357 1541 410 1590 σοι
433 1526 478 1605 ἠν
502 1525 621 1608 brorum
644 1511 688 1572 4-
711 1527 916 1592 adversarius
940 1532 1046 1620 autern
1071 1547 1102 1612 p.
1124 1527 1201 1610 55,6
1235 1526 1333 1596 libros

162 1651 272 1698 sacros
295 1639 423 1699 secutus
446 1635 633 1719 scripserat:
657 1633 686 1698 τί
711 1647 764 1697 σοι
789 1632 909 1716 ἄνομος
933 1671 977 1680 -
1001 1654 1063 1716 quo
1080 1641 1244 1700 aeternum
1261 1654 1332 1700 eum

162 1738 313 1805 ostendat
337 1740 499 1807 dominum
523 1742 660 1825 legionis
684 1740 871 1825 angelorum
896 1741 991 1806 etiam
1017 1740 1202 1826 lapsorum?
1249 1741 1333 1820 Quin

163 1847 269 1928 etiam,
295 1848 348 1913 ubi
372 1849 504 1914 Petrum
528 1868 584 1913 seu
608 1848 742 1914 Paulum
767 1846 1004 1914 defendendum
1032 1849 1174 1934 suscepit
1197 1845 1241 1933 (p.
1269 1851 1284 1914 1
1312 1851 1330 1916 'l

162 1955 215 2020 vel
241 1956 303 2020 148
317 1962 389 2040 sq.),
419 1956 509 2022 brevi
534 1957 692 2042 contingit
717 1957 756 2034 ei,
792 1962 827 2021 ut
856 1954 994 2040 quadam
1019 1965 1088 2024 arte
1112 1956 1267 2023 deflectat
1290 1957 1332 2022 ad

164 2064 315 2129 trinitatis
339 2066 493 2150 mysteria
517 2065 568 2130 vel
591 2064 633 2130 ad
658 2067 864 2149 Unigenitum
888 2087 989 2132 suum.

270 2171 391 2250 Quibus
419 2171 460 2236 de
490 2173 595 2239 causis
620 2173 768 2256 equidem
793 2175 1010 2241 contenderim
1044 2181 1112 2241 toto
1142 2197 1238 2261 opere
1272 2198 1329 2244 suo

164 2278 337 2344 Macarium
362 2279 442 2344 nihil
466 2301 563 2364 agere
580 2281 659 2364 nisi,
688 2289 723 2347 ut
746 2289 906 2348 recentem
936 2283 1132 2367 theologiam
1154 2284 1332 2352 Nicaenam

164 2387 309 2472 divulget
341 2389 373 2452 in
410 2390 579 2455 ecclesiam
608 2396 640 2454 et
676 2391 766 2471 quasi
801 2391 1026 2475 panchrestum
1063 2390 1332 2459 medicamentum

165 2495 366 2562 commendet
390 2494 528 2562 omnium
558 2494 800 2579 difficultatum,
834 2498 867 2562 in
901 2497 1015 2579 quibus
1043 2497 1127 2564 forte
1158 2481 1333 2567 Christiani

166 2625 276 2670 sacros
300 2605 397 2670 libros
419 2604 591 2687 diligenter
614 2604 758 2687 legentes
774 2604 981 2687 offenderint,
1005 2605 1162 2688 simulque
1179 2607 1332 2674 fidelibus

165 2712 290 2796 copiam
314 2711 416 2777 faciat
439 2711 523 2778 illius
548 2710 730 2795 theologiae
758 2711 960 2777 adversarios
985 2711 1091 2782 verbis
1121 2713 1332 2798 opprimendi.

74 2903 77 2910 Δ
163 2819 205 2884 Et
229 2819 372 2903 profecto
397 2819 562 2904 perlucere
585 2818 712 2886 videtur
735 2819 898 2904 proprium
922 2819 983 2884 hoc
1007 2821 1140 2884 Macarii
1166 2821 1333 2888 consilium

165 2945 227 2992 uno
251 2928 332 3009 loco,
367 2947 428 3010 quo
457 2926 685 3013 disputationis
708 2946 785 2992 suae
809 2925 936 2993 omnino
960 2927 1078 2993 oblitus
1112 2926 1275 3014 dialogum
1300 2930 1333 2995 in

165 3032 295 3118 dialogo
328 3034 466 3100 instituit
500 3035 704 3120 (p.92,18):
739 3034 846 3114 Πρὸς
875 3035 943 3113 οὓς
978 3034 1061 3114 (scil.
1090 3037 1145 3119 qui
1177 3036 1334 3104 nefariam

166 3142 327 3224 quandam
351 3144 647 3228 interpretationem
671 3143 890 3228 sscriptu1ae
914 3142 1094 3227 proferant)
1118 3143 1268 3223 ῥητέον,
1302 3144 1337 3209 εἴ

164 3269 207 3325 -γε
231 3249 529 3333 συνετεύξαντο,
553 3253 619 3315 κτλ.

273 3356 439 3435 Quomodo
469 3364 577 3422 autern
601 3357 761 3422 Macarius
790 3356 963 3441 perficeret
998 3356 1078 3423 illud
1112 3358 1335 3443 propositum?

167 3459 303 3529 Omnino
328 3465 412 3528 enim
428 3464 501 3529 fieri
517 3483 580 3530 non
596 3469 734 3549 poterat,
759 3471 794 3528 ut
811 3463 994 3548 theologiae
1010 3465 1174 3532 Nicacnae
1195 3471 1337 3532 sectator

167 3572 236 3657 ipse
261 3578 404 3637 moveret
427 3571 640 3638 difficultates
665 3573 716 3637 vel
740 3570 953 3639 dissensiones
982 3573 1114 3639 subesse
1145 3572 1336 3638 concederet

166 3680 199 3745 in
223 3679 312 3746 libris
335 3681 444 3760 sacris,
470 3699 549 3762 quos
572 3679 614 3745 ad
639 3679 770 3745 verbum
794 3679 908 3764 spiritu
931 3687 1042 3747 sancto
1071 3680 1280 3766 scriptoribus
1303 3681 1336 3745 in

166 3795 303 3853 mentem
332 3793 502 3872 suggestus
531 3807 601 3854 esse
637 3807 729 3852 nemo
766 3786 968 3852 infitiabatur
996 3786 1058 3852 nisi
1092 3786 1274 3853 haereticus
1283 3787 1335 3868 1)Ρ

168 3895 408 3980 Peropportune
432 3896 530 3979 igitur
553 3896 582 3961 ei
607 3894 763 3961 accidisse
793 3893 1039 3974 existimaveris,
1068 3894 1095 3959 si
1120 3894 1152 3958 in
1177 3894 1257 3960 libro
1281 3895 1337 3962 ali·

169 4002 258 4067 cuius
282 4004 447 4087 scriptoris
470 4001 591 4087 pagani
620 4002 701 4068 tales
725 4022 750 4071 s.
772 4003 950 4087 scripturae
984 4000 1218 4085 discrepantius
1251 4002 1336 4066 omni

168 4107 274 4174 studio
299 4110 494 4192 conquisitas
519 4116 551 4175 et
574 4117 686 4175 contra
703 4109 902 4176 Christianos
918 4108 1138 4194 promulgatas
1161 4109 1334 4174 inveniret:

167 4215 379 4225 -...-.-ι-ι-

275 4271 302 4334 1)
322 4268 364 4324 Cf.
379 4271 460 4339 quod
474 4273 540 4341 ipse
553 4270 703 4325 Macarius
718 4271 790 4325 dicit
809 4287 836 4340 p.
849 4271 1024 4339 74‚11sqq.:
1044 4271 1078 4323 οὺ
1088 4270 1142 4337 γὰρ
1152 4271 1235 4334 ἄλλος
1245 4269 1336 4324 ἐλάλει

167 4365 209 4428 τῷ
223 4357 322 4428 Ἐσδρᾷ
341 4363 385 4412 καί
405 4361 500 4427 ἕτερος
518 4365 559 4428 τῷ
577 4361 682 4427 Μωσεῖ,
702 4361 771 4414 ἀλλὰ
789 4363 824 4414 τὸ
843 4361 913 4414 αὐτὸ
932 4364 1042 4425 πνεῦμα
1062 4361 1211 4427 ἑκατέρους
1230 4359 1336 4418 ἐδίδαξε

168 4452 212 4503 καὶ
233 4449 404 4518 ἀμφοτέροις
421 4449 456 4501 τὰ
476 4451 548 4503 αὐτὰ
566 4455 666 4516 σοφῶς
684 4451 852 4516 ὑπηγόρευε.
