3060 5086
666 213 842 270 ..ςγ-

277 393 420 458 Alterum
444 414 520 459 vero
550 395 635 459 inter
666 394 851 460 Platonicos
882 401 915 460 et
938 393 1140 462 Christianos
1171 393 1341 462 discrimen

168 499 244 564 fieri
267 502 457 586 uoupotuit,
481 503 557 584 quin
581 503 695 566 iterum
711 504 890 584 iterumque
906 503 1076 570 cremaret
1091 501 1224 583 τρόπος,
1248 521 1341 586 quern

167 606 214 670 illi
238 607 401 688 (linebant,
424 612 483 686 τῆς
505 609 679 687 γενέσεως.
725 609 873 692 Namque
895 611 993 676 etiam
1016 609 1228 677 aeclesiastici
1252 607 1341 676 Cirri-

170 715 279 796 stiani,
303 716 358 797 qui
381 714 532 780 mnndum
556 717 673 782 bonum
696 717 739 782 ab
762 717 884 801 optimo
906 716 968 783 deo
992 716 1114 784 fautum
1138 735 1209 784 esse
1232 713 1342 782 erede·

167 821 259 904 bant,
282 821 491 906 philosophis,
515 825 636 888 utiam
659 823 810 906 diximus,
844 822 1035 890 ridebantur
1058 823 1157 890 etiam
1180 823 1341 891 insaniora

168 948 277 993 errore
299 929 459 1013 implicari
482 930 655 1012 Guostieis,
691 929 777 1014 quod
801 931 1048 1017 pulcherrimum
1073 930 1158 997 huno
1190 929 1341 998 mundum

167 1036 343 1119 periturum
367 1056 438 1102 esse
453 1037 665 1118 affirmarent,
689 1039 782 1121 quasi
798 1038 893 1104 deum
910 1037 1034 1106 consilii
1051 1037 1217 1124 paenitere
1232 1045 1342 1124 poeaet

168 1163 208 1208 ac
232 1144 372 1210 saeviret
395 1144 429 1209 in
451 1146 552 1230 ipsius
574 1145 704 1212 liberos.
742 1146 888 1212 Alteram
911 1152 1018 1212 autem
1035 1143 1078 1212 de
1093 1143 1218 1230 origiue
1233 1144 1341 1212 muudi

167 1250 200 1314 in
224 1256 368 1335 tempore
391 1273 411 1316 a
435 1250 496 1317 deo
520 1252 632 1334 creati,
667 1273 730 1318 non
753 1254 823 1320 sine
846 1254 938 1320 initio
967 1273 1006 1320 ae
1041 1251 1108 1319 fine
1141 1272 1267 1339 semper
1301 1273 1342 1320 eu

166 1358 237 1442 ipso
261 1359 390 1425 formati
414 1361 615 1444 sententiam,
645 1379 685 1426 ex
709 1380 773 1443 qua
796 1362 852 1428 illa
875 1361 1048 1446 pendebat,
1073 1380 1135 1427 nou
1159 1367 1224 1427 tarn
1244 1379 1343 1447 saepe

167 1465 340 1549 habebant,
365 1487 421 1532 our
444 1468 624 1553 proferrent
647 1469 794 1554 paganis,
823 1489 917 1552 quam
942 1487 1030 1554 spem
1055 1485 1145 1534 suam
1162 1474 1339 1554 temporum

167 1593 397 1659 supremorum,
428 1573 540 1642 iudicii
564 1574 685 1659 mundi,
713 1576 964 1658 resurrectionis,
998 1593 1081 1658 quae
1109 1580 1178 1642 arte
1202 1575 1285 1642 inter
1308 1594 1342 1642 ae

170 1683 341 1748 coniuncta
365 1688 466 1747 erant.
514 1682 619 1760 Quare
643 1683 676 1748 in
694 1683 755 1749 hae
771 1684 909 1750 maxime
931 1682 1144 1751 offendebant
1159 1681 1341 1770 philosophi

167 1809 270 1873 eoque
294 1791 408 1874 magia,
432 1789 518 1872 quod
541 1792 668 1856 animae
687 1791 865 1876 resurgenti
882 1791 1048 1858 materiam
1064 1789 1180 1858 mortui
1197 1791 1340 1878 eorporis

167 1899 323 1965 reservari
348 1897 599 1972 contendebant,
624 1918 696 1963 oum
720 1900 822 1966 onmis
846 1899 980 1964 materia
1003 1905 1100 1981 atque
1129 1897 1225 1966 etiam
1250 1899 1341 1984 apiri-

166 2007 264 2073 ruatis
287 2008 448 2074 sententia
471 2006 708 2072 Platonicorum
732 2007 857 2090 animia,
891 2008 917 2073 ri
942 2004 984 2072 ad
1008 2013 1172 2074 aeternam
1206 2005 1341 2074 beatitu-

166 2112 274 2180 dinem
298 2116 418 2180 intrare
441 2113 573 2197 vellent,
598 2111 747 2180 exuenda
770 2119 867 2198 esset,
903 2118 1015 2180 eontra
1048 2114 1170 2180 eaelum
1198 2111 1341 2180 divinum

166 2221 483 2306 pulcherrimumque
508 2220 648 2288 siderum
681 2227 869 2288 concentum
891 2220 1055 2288 'volebant
1088 2219 1236 2287 daturum
1272 2239 1341 2288 erae

167 2330 300 2412 ruinam.
347 2327 467 2412 Legae,
492 2347 711 2410 quaeeumque
735 2328 880 2394 Plotinus
908 2327 951 2395 de
974 2328 1034 2394 hae
1058 2327 1207 2414 opinione
1230 2332 1342 2394 eontra

168 2436 339 2502 Gnostioos
363 2434 506 2520 protulit,
541 2432 627 2519 apud
651 2433 866 2500 Schmidtium
889 2435 921 2515 (l.
946 2434 981 2516 l.)
1018 2440 1050 2501 et
1083 2434 1247 2520 inspicias,
1279 2453 1342 2518 qua

171 2543 294 2608 ratione
318 2541 452 2608 Masurii
476 2540 680 2608 adversarius
705 2541 853 2607 traducat
870 2539 1121 2607 Christianorum
1146 2541 1342 2622 δημιουργόν

168 2649 429 2729 καταυλούμενον
452 2649 600 2728 εὐλόγοις
625 2648 739 2728 αἰτίαις
762 2648 1015 2732 (158,14sqq.),
1040 2647 1090 2714 ὅτι
1114 2649 1241 2729 λυπηρὰ
1266 2701 1273 2718 .
1300 2695 1307 2714 .
1333 2694 1340 2713 .

169 2758 360 2835 ἐτεκτήνατο
384 2761 441 2824 τοῦ
466 2759 589 2837 κόσμου
613 2756 653 2820 τὰ
682 2757 769 2836 μέρη,
802 2755 863 2823 uisi
900 2757 982 2822 forte
1018 2754 1059 2822 de
1091 2756 1161 2842 ipso
1198 2763 1341 2824 creatore

170 2864 278 2930 mundi
304 2886 323 2930 a
346 2865 447 2931 Paulo
471 2865 591 2932 dietum
615 2865 657 2931 sit
691 2864 831 2948 ,έχοντα
854 2867 990 2945 φρονεῖν
1015 2863 1060 2944 ὼς
1084 2863 1125 2944 μή
1150 2862 1267 2944 ἔχοντα
1291 2863 1342 2930 καί

167 2973 225 3038 τὸν
249 2974 402 3053 χαίροντα
426 2976 466 3053 μὴ
491 2973 646 3056 χαίρεινίί,
676 2973 745 3038 ἐπεὶ
768 2973 826 3036 τόν
850 2972 974 3051 κόσμον
1009 2971 1094 3051 ἔχων
1118 2969 1136 3036 ὁ
1160 2971 1271 3050 κτίσας
1296 2970 1341 3050 ιίις

168 3082 208 3159 μὴ
233 3080 318 3160 ἔχων
340 3080 458 3146 τούτου
482 3082 621 3160 παράγει
644 3081 682 3144 τὸ
707 3083 823 3161 σχῆμα,
849 3079 917 3145 ἐπεὶ
940 3080 978 3146 τὸ
1001 3079 1111 3158 χαρίεν
1127 3079 1178 3144 καί
1196 3077 1342 3158 λαμπρόν

168 3188 283 3267 κτίσμα
306 3187 325 3252 ὁ
350 3187 544 3267 δημιουργός
571 3187 697 3267 βλέπων
720 3185 758 3250 οὐ
783 3186 944 3268 τέρπεται,
968 3185 1110 3266 καθάπερ
1135 3185 1163 3251 δ’
1187 3183 1236 3250 ἐπ’
1254 3183 1341 3270 αὐτῷ

168 3294 275 3359 πολλὰ
299 3293 501 3375 λυπούμενος
525 3292 673 3374 μετάγειν
696 3293 775 3359 αὐτὸ
799 3293 849 3358 καί
866 3293 1057 3374 μεταφέρειν
1080 3289 1340 3375 διεβουλεύσατο,

168 3401 295 3483 aliaque
319 3400 397 3466 ibid.
422 3422 452 3485 p.
470 3400 533 3465 164
557 3407 588 3465 et
616 3398 678 3466 166
702 3405 734 3465 et
758 3399 871 3484 204,6
907 3399 1108 3482 maximeque
1139 3397 1262 3466 caelum
1288 3396 1342 3466 de·

169 3509 302 3586 scribat,
330 3507 376 3586 ὼς
399 3507 487 3575 τάξιν
511 3507 626 3587 ὁμοίαν
651 3506 716 3585 ἔχει
740 3507 916 3586 διαπαντός
941 3508 992 3572 καί
1016 3505 1064 3572 ἀεί
1095 3506 1174 3572 κατὰ
1198 3505 1237 3571 τὰ
1261 3503 1341 3572 αὐτὰ

169 3619 331 3695 προχωρεῖ
354 3616 405 3680 καὶ
429 3615 587 3681 οὐδέποτε
610 3613 842 3680 ὑπαλλάττεται
878 3612 949 3678 ἀλλ’
985 3612 1054 3679 οὐδ’
1080 3613 1341 3692 ὑπαλλαγήσεταί

168 3742 248 3787 ποτε
271 3723 360 3805 (164,
378 3723 472 3804 deq.)
508 3727 540 3785 et
570 3740 640 3784 oum
666 3740 704 3786 eo
729 3725 894 3805 comparet
917 3719 1085 3798 σεσηπότα
1109 3721 1160 3785 καί
1195 3723 1342 3800 διεφθαρ·

169 3831 248 3910 μένα
286 3833 352 3895 τῶν
391 3828 573 3908 ἀνθρώπων
613 3828 748 3908 σώματα
771 3825 813 3893 ad
843 3833 1007 3894 aeternam
1032 3827 1131 3892 vitam
1170 3823 1341 3912 destinata,

168 3938 357 4001 σπουδαίων
380 3937 450 4004 ἔνια
473 3936 524 4000 καὶ
548 3935 631 4000 ἄλλα
654 3934 717 4015 πρὸ
741 3937 799 4000 τοῦ
823 3933 999 4000 ἀποθανεῖν
1023 3931 1144 4014 ἀτερπῆ
1169 3933 1219 3998 καί
1241 3931 1341 4012 ἀσύμ-

169 4062 266 4122 μετρα
300 4046 351 4107 καὶ
383 4041 585 4124 ἀηδεστάτην
620 4040 697 4120 ὄψιν
733 4041 851 4120 ἔχοντα
874 4077 917 4090 -
940 4041 1003 4106 iam
1040 4059 1080 4106 ex
1114 4039 1163 4107 hia
1196 4038 1341 4106 omnibus

168 4297 269 4347 autem
298 4292 422 4346 erimine
451 4291 663 4348 eucharistiam
693 4292 752 4362 peti
782 4305 870 4362 poue
890 4289 989 4347 neutri
1010 4289 1131 4346 videtur
1158 4289 1339 4344 tumentem

168 4396 295 4436 venlsse.
