3060 5086
634 257 810 312 ..17-

244 441 406 506 Habemus
434 439 534 524 igitur
561 439 595 503 in
626 438 677 504 his
709 437 869 523 capitibus
902 444 1091 522 argumenta
1123 438 1164 503 ab
1197 439 1304 521 aliquo

136 549 293 634 scriptore
317 548 441 614 Graeco
466 553 579 612 contra
602 545 799 612 Christianos
822 547 1036 630 promulgata,
1060 545 1117 610 sed
1141 545 1305 628 haudqua-

135 676 231 738 quam
254 657 318 720 iam
343 654 384 720 ad
410 654 543 720 verbum
566 672 666 736 usque
688 653 781 718 nobis
808 654 991 738 fragmenta
1022 651 1108 718 illius
1140 655 1305 738 scriptoris

135 769 266 830 servata
282 782 352 828 esse
369 760 597 842 contenderim,
621 761 704 826 sicut
716 761 977 844 Wagenmannus
985 761 1010 839 ¹)
1035 765 1070 825 ut
1082 760 1306 845 Porphyriana

135 869 310 935 vernacule
326 945 328 950 ,
343 867 498 935 vertenda
527 868 660 950 curavit,
690 887 910 950 quaecumque
941 868 975 931 in
1004 865 1144 933 editione
1168 867 1305 934 Blonde-

136 978 227 1041 liana
251 975 433 1041 adversario
457 975 576 1040 tributa
604 981 694 1054 sunt3
730 996 803 1039 nam
833 993 937 1057 neque
966 974 995 1039 ei
1022 994 1127 1057 neque
1156 974 1304 1058 cuiquam

138 1089 315 1149 ceterorum
333 1082 458 1148 videtur
481 1084 513 1147 in
538 1089 676 1148 mentem
699 1083 824 1148 venisse
840 1082 974 1146 blacarii
997 1081 1185 1165 redactoris,
1211 1103 1305 1165 quenr

139 1197 246 1256 tamen
267 1192 300 1256 in
323 1191 362 1256 iis
385 1190 530 1275 partibus
555 1191 672 1275 operis,
702 1210 783 1273 quas
805 1191 876 1275 ipse
900 1191 1099 1273 conseripsit,
1135 1195 1199 1255 tam
1232 1211 1306 1274 pro-

139 1297 248 1380 digum
265 1299 433 1363 verborum
458 1318 497 1362 ac
521 1297 678 1382 propositi
702 1297 898 1380 rationisque
914 1295 1125 1381 componendi
1149 1297 1221 1362 libri
1241 1303 1306 1362 tam

135 1404 360 1490 neglegentem
393 1404 672 1490 deprehendimus,
706 1411 741 1470 ut
772 1405 870 1470 etiam
899 1405 932 1468 in
960 1403 1138 1470 adversarii
1161 1405 1307 1488 partibus

136 1510 315 1577 verendum
338 1512 390 1595 sit,
413 1532 453 1576 nc
477 1511 570 1596 plura
593 1510 634 1576 de
657 1532 715 1578 suo
738 1511 957 1578 inculcaverit.

244 1619 386 1684 Primum
410 1618 539 1703 quidem
562 1620 594 1683 in
618 1619 667 1685 his
700 1618 883 1704 philosophi
917 1619 1079 1702 capitibus
1102 1619 1307 1686 Macarianae

136 1727 200 1791 arti
224 1724 371 1792 dabimus
399 1726 534 1793 formam
565 1726 771 1811 dialogicam,
807 1746 901 1808 quam
925 1727 958 1790 in
981 1725 1115 1790 Macarii
1137 1726 1229 1792 fonte
1252 1729 1308 1792 vix

139 1830 318 1925 adhibitam
350 1833 450 1900 fuisse
483 1833 578 1900 nrodo
612 1833 795 1914 diximus2).
842 1832 980 1917 Saepius
1013 1833 1097 1897 enim
1131 1833 1307 1919 compluria

140 1941 248 2024 capita
280 1939 491 2007 Blondehana
526 1960 655 2026 prorsus
689 1940 833 2005 formulis
867 1939 1037 2023 dialogicis
1074 1947 1185 2005 carent
1219 1942 1307 2006 velut

139 2047 211 2112 libri
226 2047 260 2110 II
284 2066 377 2132 capp.
394 2047 595 2130 XII-XIV,
620 2049 692 2113 libri
709 2048 755 2113 IV
772 2068 866 2132 capp.
883 2047 1007 2129 1-111,
1031 2045 1307 2113 XXX-XXXII

138 2154 341 2238 maximeque
364 2155 602 2238 XIX—XXII,
628 2157 742 2239 quibus
766 2155 806 2220 de
824 2157 919 2220 Petro
944 2156 1051 2239 agitur
1075 2156 1218 2221 oratione
1236 2177 1308 2222 con·

140 2264 228 2327 tinua
252 2268 374 2327 ettam
398 2264 478 2329 bene
503 2270 664 2346 contexta,
689 2270 723 2327 ut
748 2263 921 2329 tractatum
946 2264 1053 2347 legere
1077 2265 1136 2328 tibi
1156 2262 1307 2347 videaris,

141 2390 202 2436 non
225 2369 541 2454 dialogi·partem³).
588 2372 632 2435 At
655 2372 687 2434 in
710 2371 871 2455 plerisque
896 2372 1056 2456 capitibus
1080 2372 1240 2438 Macarius
1265 2370 1307 2436 ad

139 2476 381 2562 provehendum
413 2496 589 2542 sermonem
617 2482 649 2540 et
679 2484 879 2560 argumenta,
914 2497 998 2559 quae
1027 2499 1067 2542 ex
1095 2485 1227 2543 auctore
1251 2499 1308 2544 suo

139 2586 292 2670 elegerat,
327 2604 453 2669 quoquo
481 2584 576 2650 modo
609 2584 877 2668 coniungendae),
912 2605 1023 2669 parum
1057 2584 1229 2668 diligenter
1252 2586 1308 2652 ad-

138 2731 204 2795 ὑμῖν
222 2729 272 2783 vel
291 2728 351 2783 tale
371 2728 453 2797 quid,
472 2729 563 2783 Immo
583 2729 621 2783 de
635 2728 812 2784 Christianis
831 2730 904 2799 ipsis
923 2729 1057 2798 loquitur
1071 2743 1201 2797 persona
1220 2730 1310 2782 tertia

139 2818 223 2872 velut
242 2834 269 2886 p.
283 2817 327 2884 97,
341 2817 371 2871 3:
490 2819 541 2871 chr<
560 2819 636 2873 ἔστιν
656 2821 730 2884 ἄξιος
748 2823 799 2886 τῆς
818 2824 887 2872 τῶν
906 2823 1039 2872 πιστῶν
1060 2817 1219 2884 νομίζεσθαι
1238 2834 1309 2885 φρα-

138 2906 217 2973 τρίας
235 2911 265 2960 et
283 2923 311 2960 v.
326 2906 356 2960 6:
384 2908 422 2973 μή
442 2907 520 2974 ὅπως
537 2911 577 2962 τὸ
596 2911 728 2964 λοιπὸν
748 2911 857 2976 μέρος
879 2913 951 2963 τῶν
972 2908 1211 2975 Χριστιανῶν,
1240 2908 1309 2962 ἀλλὰ

139 2997 209 3064 μηδὲ
236 3002 295 3050 τῶν
323 2998 486 3052 ἐπισκόπων
513 2999 531 3063 ἢ
557 2999 763 3066 πρεσβυτέρων,
792 2999 927 3068 apertius
957 2999 1048 3052 etiam
1077 3013 1104 3066 p.
1125 2995 1310 3067 58,175qq.:

140 3087 233 3151 ἀμέλει
252 3093 322 3153 γοῦν
341 3089 405 3154 χθὲς
424 3089 458 3141 οὺ
478 3089 562 3142 πάλαι
585 3129 592 3144 .
614 3130 620 3143 .
640 3130 647 3143 .
672 3090 814 3142 ἔπεισαν
838 3091 870 3142 et
891 3087 994 3155 aona
1024 3087 1093 3140 ἀλλὰ
1113 3089 1158 3141 καὶ
1177 3087 1210 3140 οἱ
1230 3088 1309 3154 Χρι-

139 3180 274 3231 στιανοὶ
293 3178 457 3243 μιμούμενοι
475 3177 526 3241 τὰς
544 3179 718 3241 κατασκευὰς
736 3182 795 3231 τῶν
813 3182 892 3230 ναῶν
911 3177 1137 3242 οἰκοδομοῦσι
1156 3180 1214 3230 κτλ.

247 3266 273 3334 1)
292 3266 398 3320 Jahrb.
417 3267 437 3318 t.
458 3265 592 3319 deutsch.
611 3266 714 3320 Theoi,
734 3265 836 3319 XXIII
855 3283 883 3336 p.
897 3267 950 3319 289
960 3282 1024 3336 sqq.

246 3354 275 3420 2)
294 3352 445 3419 Attamen,
474 3354 616 3422 quoniam
643 3356 674 3407 in
700 3355 750 3408 illo
780 3356 855 3409 libro
885 3355 1023 3409 accidere
1052 3358 1180 3424 poterat,
1209 3361 1242 3409 ut
1270 3356 1310 3409 ad

140 3440 222 3509 ipsos
234 3438 424 3501 Christianos
450 3441 579 3511 scriptor
605 3446 798 3498 converteret
826 3459 1002 3512 sermonem,
1032 3444 1193 3499 nonnullos
1219 3446 1310 3512 locos,

141 3530 252 3599 quibus
271 3533 392 3600 praeter
412 3532 662 3587 consuetudinem
682 3533 885 3587 Macarianam
915 3533 1108 3588 adversarius
1132 3550 1193 3588 non
1215 3550 1310 3589 unum

140 3619 361 3688 collocutorem,
389 3620 442 3674 sed
461 3622 620 3677 univorsos
640 3621 824 3677 Christianos
844 3622 977 3692 appellat
996 3624 1091 3687 (velut
1111 3624 1153 3692 24,
1167 3623 1197 3678 b:
1216 3624 1240 3678 el
1261 3626 1311 3689 μὲν

139 3710 193 3776 γαρ
212 3711 301 3777 ἐρεῖτε
325 3710 374 3764 vel
393 3711 454 3779 163,
466 3711 496 3766 5:
520 3711 653 3779 μήτιγε
673 3714 802 3780 φήσετε),
832 3713 889 3766 nisi
909 3713 975 3765 aliis
994 3713 1032 3766 de
1053 3713 1153 3766 causis
1177 3715 1311 3782 suspecti

139 3816 206 3855 esse
225 3800 376 3869 videntur,
396 3817 458 3855 non
477 3800 554 3854 ultro
573 3802 751 3871 philosopho
772 3802 1020 3857 abiudicaverim.

246 3890 275 3958 3)
294 3889 373 3954 Quin
393 3892 484 3946 etiam
503 3891 605 3961 inepte
624 3907 643 3945 a
661 3892 791 3947 librariis
810 3897 903 3962 atque
928 3891 1094 3946 editoribus
1115 3891 1215 3960 capIta
1240 3890 1311 3943 dila·

62 3987 66 3994 '
98 4009 100 4014 ,
139 3985 242 4034 cerata
261 3995 328 4034 esse
347 3981 459 4036 talibus
478 3981 551 4035 locis
571 3981 785 4036 contenderim.

245 4068 273 4135 4)
293 4068 369 4124 Nam
388 4072 413 4124 si
433 4071 520 4124 cuius
539 4071 646 4140 capitis
664 4073 751 4125 initio
773 4073 851 4125 forte
877 4072 1024 4125 omittitur
1049 4069 1117 4124 talis
1142 4069 1311 4124 adversarii

140 4158 303 4228 appellatio
324 4158 484 4230 dialogice,
514 4175 621 4231 aspere
645 4161 793 4215 scInditur
818 4161 914 4214 oratio
938 4160 1022 4213 velut
1046 4159 1128 4230 p23,
1143 4159 1172 4213 1:
1201 4159 1310 4213 ἔστιδὲ

139 4251 184 4301 καὶ
204 4249 299 4314 ἕτερος
319 4249 402 4314 λόγος
421 4252 574 4317 δυνάμενος
593 4251 700 4317 σαθρὰν
719 4252 849 4316 ταύτην
873 4250 978 4314 ἐλέγξαι
1002 4251 1064 4315 τὴν
1087 4250 1201 4313 δόξανς
1232 4264 1311 4316 quae

139 4339 235 4392 rerba
255 4351 316 4406 quo
336 4343 482 4408 spectent,
512 4355 572 4393 non
592 4340 786 4410 intellegitur,
816 4353 946 4407 namque
968 4338 1019 4392 vix
1040 4338 1080 4391 ad
1102 4340 1197 4408 ipsius
1221 4339 1311 4406 scrip·

139 4429 210 4480 toris
229 4427 408 4482 sententiam
429 4429 639 4496 praecedentis
659 4430 766 4498 capitis
791 4430 821 4482 in
840 4430 902 4482 flue
922 4429 1071 4497 prolatam
1097 4428 1165 4482 licet
1188 4427 1310 4481 reterre.

1135 4518 1152 4572 2
