3060 5086
692 1135 770 1223 Cap.
795 1135 822 1202 I.

397 1335 448 1401 lle
472 1333 631 1400 Macerio
655 1333 817 1416 Magnete
842 1332 878 1400 et
902 1335 977 1401 eius
1002 1349 1120 1417 opere.

282 1515 442 1580 Macarius
455 1513 598 1598 Magnes,
615 1512 696 1578 fidei
712 1519 931 1598 propugnator
947 1512 1158 1595 Christianae,
1183 1511 1344 1578 invidiosa

176 1620 316 1705 quadam
351 1621 513 1686 oblivione
548 1640 674 1705 semper
708 1620 840 1687 obrutus
870 1621 985 1702 iuit1);
1019 1619 1236 1704 quadraginta
1268 1640 1346 1685 vero

87 1761 89 1768 v
176 1735 251 1796 ante
280 1749 381 1796 annos
404 1729 541 1794 Athenis
570 1727 675 1794 denuo
708 1733 837 1813 reperta
865 1733 914 1793 est
944 1729 1045 1794 maior
1073 1747 1148 1813 pars
1177 1729 1245 1794 eius
1273 1725 1348 1792 libri

175 1836 371 1922 apologetici
395 1856 434 1902 ac
453 1835 578 1902 duobus
593 1835 662 1901 fere
678 1835 787 1901 lustris
803 1840 876 1920 post
892 1835 1028 1920 primum
1044 1836 1076 1901 in
1093 1835 1196 1900 lucem
1213 1833 1347 1914 editai).

176 1944 292 2009 Statim
309 1943 514 2010 Duchesnius
529 1944 562 2009 in
579 1963 619 2008 ea
643 1942 879 2026 dissertatione,
905 1963 1000 2026 quam
1017 1941 1147 2008 laudavi
1164 1943 1196 2008 in
1212 1947 1289 2008 nota
1304 1944 1348 2024 1),

175 2051 341 2134 inquisivit
364 2050 398 2115 in
421 2051 560 2136 patriam
592 2055 690 2133 atque
724 2055 863 2115 aetatem
894 2050 969 2115 novi
1002 2050 1168 2135 scriptoris
1200 2056 1232 2115 et
1261 2049 1349 2138 illam

177 2157 306 2241 quidem
324 2178 394 2223 oum
413 2158 619 2224 Tillemontio
639 2158 803 2242 regionem
816 2156 1069 2242 Euphratensem
1095 2158 1182 2222 circa
1193 2156 1350 2224 Edessam
1385 2200 1387 2204 -

178 2266 344 2330 civitatem
368 2265 469 2332 fuisse
492 2267 674 2350 suspicatus
698 2272 757 2344 est,
782 2264 866 2330 hanc
889 2270 963 2350 post
980 2285 1097 2330 annum
1113 2265 1178 2330 300
1192 2285 1223 2349 p.
1238 2263 1273 2329 Ο.
1297 2264 1350 2330 vel

177 2372 275 2438 etiam
303 2372 369 2437 330
398 2391 502 2455 neque
533 2373 632 2437 multo
667 2379 741 2457 post
774 2373 840 2437 350
868 2372 1024 2452 statuitl).
1078 2370 1143 2437 Sed
1172 2370 1349 2437 Duohesnii
1423 2411 1424 2416 κ

177 2479 359 2564 opinionem
385 2478 446 2544 viri
470 2477 559 2544 docti
583 2479 769 2544 abiecerunt
799 2484 984 2561 utramque:
1013 2477 1202 2545 Theodorus
1227 2478 1349 2558 nenne)

178 2587 353 2652 Macarium
379 2584 578 2652 demonstrat
602 2586 657 2651 vix
674 2585 802 2670 Syriam
819 2584 1001 2667 incoluisse,
1026 2583 1084 2650 sed
1100 2591 1262 2651 versatum
1279 2605 1349 2653 esse

176 2694 209 2758 in
240 2695 339 2760 Asiae
371 2695 559 2779 provinciae
589 2694 790 2779 regionibus3
831 2693 1036 2776 Moallerusl)
1069 2694 1133 2760 iam
1166 2701 1262 2761 antea
1284 2697 1350 2761 Ma·

286 2931 312 2996 1)
332 2931 379 2986 De
406 2933 529 2987 fortuna
554 2932 699 2986 librorum
723 2931 975 2999 Macarianorum,
1006 2931 1044 2986 de
1072 2932 1250 2987 testimoniis
1278 2932 1350 2988 inde

177 3023 311 3090 sumptis,
341 3021 379 3076 de
403 3022 476 3076 viris
505 3021 610 3088 doctis
640 3023 691 3090 qui
720 3036 844 3091 operam
872 3021 903 3073 in
931 3021 997 3074 illos
1026 3021 1119 3076 libros
1148 3021 1341 3078 contulerunt

176 3112 282 3168 videas
311 3113 433 3184 singula
461 3115 492 3166 in
517 3112 554 3168 M.
573 3110 671 3168 Crusii
691 3111 898 3182 Gottingensis
923 3110 961 3166 dc
980 3111 1112 3166 Macerio
1137 3111 1350 3182 disputatione,

178 3216 269 3270 quam
290 3203 391 3256 multis
409 3203 489 3257 notis
509 3207 630 3256 auctam
649 3201 814 3256 J.B.Pitra
833 3201 961 3254 inseruit
981 3198 1135 3269 Spicilagii
1154 3199 1350 3257 Solcsmensis

176 3295 258 3345 tomo
278 3291 292 3344 l
312 3294 350 3360 (p.
363 3289 525 3358 544-553),
544 3291 576 3344 in
596 3305 656 3358 quo
676 3289 756 3345 idem
769 3291 944 3358 fragmenta
962 3290 1113 3357 quaedam
1126 3290 1299 3346 Macariana
1318 3293 1350 3346 in

177 3378 340 3448 Nicephori
360 3380 551 3448 patriarchae
569 3377 789 3445 Antirrhaticis,
818 3393 897 3447 quae
926 3377 1076 3445 dicuntur,
1106 3383 1227 3434 servata
1256 3381 1351 3436 edidit

177 3467 282 3534 (Paris.
304 3466 392 3535 1852).

287 3555 360 3615 lnde
384 3571 440 3610 sna
464 3555 650 3625 deprompsit
669 3555 702 3610 L.
723 3555 923 3623 Duchesnius,
953 3570 1032 3624 quae
1058 3558 1173 3626 profert
1198 3557 1229 3611 in
1254 3559 1351 3628 primo

178 3647 278 3716 capite
307 3645 528 3700 dissertationis
556 3661 583 3702 a.
603 3646 672 3700 1877
692 3645 814 3700 Parisiis
843 3645 952 3713 editae,
981 3661 1061 3715 quae
1087 3647 1275 3701 inscribitur:
1304 3646 1351 3702 De

177 3737 311 3790 Macerio
331 3735 472 3805 Magnete
492 3739 522 3788 et
541 3736 660 3804 scriptis
680 3737 754 3789 eius.

283 3825 312 3893 2)
332 3823 479 3892 Menapios
500 3825 652 3891 Μάγνητος
676 3824 854 3891 ἀποκριτικὸς
877 3825 894 3890 ἢ
915 3825 1081 3893 Μονογενὴς
1105 3825 1150 3880 ed.
1174 3825 1204 3881 C.
1224 3825 1351 3881 Blendcl

178 3913 302 3968 Parisiis
318 3915 395 3968 1876.
416 3943 448 3952 -
469 3912 552 3983 Opus
571 3914 659 3967 amici
678 3917 874 3989 praematura
892 3918 989 3968 morte
1005 3915 1079 3969 obiti
1087 3915 1223 3968 absolvit
1236 3915 1351 3970 Paulus

177 4001 316 4057 Foucart.

284 4093 312 4160 3)
332 4089 474 4148 Similiter
499 4093 629 4148 editores
653 4094 685 4148 in
710 4094 898 4164 praefatione
918 4092 1043 4148 Macarii
1069 4097 1198 4147 aetatem
1226 4093 1350 4162 circum·¹

178 4183 369 4252 scripserant.
578 4247 582 4264 ¹

284 4272 312 4336 4)
332 4271 366 4326 In
387 4272 547 4328 Schuereri
568 4273 730 4345 ,Theolog.
750 4274 820 4329 Litt.
840 4273 952 4344 Zeitg.“
974 4273 1051 4339 1877,
1071 4288 1099 4343 p.
1113 4272 1164 4327 521
1176 4287 1240 4342 sqq.

105 4427 113 4438 ι
285 4361 313 4424 51
333 4361 369 4415 ln
382 4361 517 4432 Bricgeri
532 4364 700 4432 annalibus,
720 4365 831 4433 quibus
851 4368 896 4418 est
916 4363 1033 4418 titulus:
1053 4361 1165 4418 Ztschr.
1177 4362 1351 4416 tKircheu·

105 4467 111 4486 ·
179 4451 288 4521 gesch,
308 4451 366 4505 vol.
381 4451 410 4505 II
429 4451 593 4521 (1877-78)
612 4469 640 4521 p.
652 4452 706 4507 450
716 4469 781 4522 sqq.
