3060 5086
663 281 839 336 „27-

166 462 514 548 chronographicarum
539 461 772 532 studiosissimo
796 461 1018 544 undecumque
1042 465 1238 545 compertam
1262 477 1333 525 esse

166 570 352 636 iudicemus.
400 571 557 636 Universa
581 571 664 634 euim
688 569 730 635 de
754 570 887 634 Masurii
918 569 1147 634 retractatione
1179 567 1334 632 mutanda

165 684 250 742 esset
282 679 453 759 sententia,
486 678 514 742 si
538 678 634 741 etiam
664 676 726 741 hoc
755 683 867 762 postea
892 677 933 741 ab
956 695 995 741 co
1018 674 1202 760 philosophi
1226 674 1333 740 verbis

163 785 286 850 illatum
311 805 382 850 esse
406 804 616 850 censeremus.
664 785 811 866 Namque
834 784 995 869 proprium
1021 782 1081 848 hoc
1110 787 1332 866 argumentum

163 891 344 957 addidisset
368 890 572 976 philosopho,
597 911 668 955 cum
692 890 799 956 adhuc
823 910 892 955 enm
918 889 1138 955 tautummodo
1154 908 1331 956 sermonem

151 1018 220 1065 -suo
236 999 312 1064 stilo
329 999 589 1065 accommodasse
605 1019 793 1084 persuasum
812 998 986 1064 habeamus
1002 1005 1098 1081 atque
1114 999 1147 1063 in
1159 997 1333 1063 minutiori·

164 1107 222 1171 bus
246 1107 341 1172 rebus
364 1108 523 1189 quaedam
548 1108 728 1183 inseruisse,
753 1127 836 1189 qnae
859 1113 991 1191 propter
1014 1107 1156 1190 speciem
1180 1104 1332 1172 Christia-

162 1235 237 1278 nam
260 1215 311 1278 vel
336 1215 475 1280 rationes
499 1215 743 1298 chronologicas
766 1215 834 1279 eius
857 1211 1043 1280 adversario
1067 1210 1255 1280 abiudicaro
1278 1209 1332 1278 de·

164 1321 304 1386 beamus.

271 1428 435 1494 Habemus
469 1428 568 1512 igitur
602 1430 635 1492 iu
662 1427 796 1494 Macarii
824 1448 921 1513 opere
949 1425 1108 1511 quaedam
1143 1432 1333 1512 argumenta

166 1534 302 1602 alicuius
325 1536 398 1600 libri
419 1544 530 1601 contra
547 1535 746 1602 Christianos
763 1537 955 1621 conscripti,
979 1556 1041 1601 nou
1057 1540 1217 1602 servatum
1235 1533 1333 1600 habe·

162 1663 232 1708 mus
265 1642 408 1708 ordinem
441 1650 700 1733 argumentorum
733 1650 788 1708 aut
820 1645 891 1728 ipsa
924 1663 1050 1728 semper
1079 1643 1188 1726 verba,
1222 1661 1281 1708 nee
1304 1643 1332 1709 si

164 1770 246 1833 quae
269 1755 447 1835 temporum
463 1750 604 1816 rationes
619 1751 651 1815 in
669 1750 709 1816 iis
725 1752 912 1833 invenimus,
936 1751 1030 1815 nimis
1054 1747 1254 1816 confidenter
1271 1767 1333 1815 'eas

165 1855 207 1921 ad
231 1857 434 1922 statuendam
459 1864 598 1923 aetatem
623 1857 707 1923 illius
730 1857 802 1923 libri
833 1857 1034 1923 adhibendas
1067 1877 1137 1923 esse
1170 1857 1331 1924 existima-

162 1983 233 2029 mus
257 1963 391 2028 Macau'i
414 1963 599 2030 redactoris'
615 1965 738 2031 ratione
763 1963 883 2030 babitu.
924 1963 1044 2043 Quodsi
1061 1965 1124 2029 iam
1141 1962 1183 2029 ad
1201 1964 1329 2030 investi·

168 2070 308 2153 gaudum
332 2071 420 2135 illum
445 2072 643 2157 scriptorem,
669 2093 730 2156 quo
755 2072 914 2138 Macarius
938 2079 1069 2140 auctore
1094 2091 1168 2138 usus
1191 2079 1249 2156 est,
1274 2092 1331 2138 nos
1359 2073 1360 2084 ’

165 2179 390 2256 convertimus,
414 2179 509 2264 plane
527 2179 647 2245 excidit
663 2182 744 2246 ratio
761 2180 826 2245 stili
844 2179 1051 2265 comparandi
1062 2181 1095 2264 ¹),
1120 2177 1178 2246 sed
1195 2180 1333 2246 maxime

163 2305 243 2372 opus
268 2293 316 2351 cst
340 2305 388 2369 ea,
423 2307 505 2370 quae
538 2286 578 2352 de
611 2288 812 2372 scriptorum,
849 2289 902 2371 qui
927 2287 1140 2354 Christianam
1166 2288 1332 2372 impugna·

163 2399 277 2460 verunt
301 2393 497 2478 religionem,
523 2395 663 2459 moribus
687 2402 719 2460 et
743 2397 866 2460 ratione
892 2395 1056 2479 cogitandi
1079 2395 1128 2461 vel
1146 2393 1331 2479 disputandi

163 2500 386 2586 comperimus,
413 2501 559 2567 conterre
584 2521 655 2566 eum
679 2502 808 2585 iugenio
834 2502 911 2584 eius,
937 2521 1029 2584 quem
1054 2501 1139 2586 apud
1157 2501 1332 2568 Macerium

162 2610 416 2694 cognoverimus,
446 2607 639 2694 philosophi,
674 2608 792 2674 deiude
815 2609 985 2692 inquirere,
1019 2609 1046 2674 si
1079 2613 1268 2692 argumenta
1291 2609 1333 2674 ab

164 2715 225 2782 hoc
248 2715 376 2802 prolata
399 2737 419 2782 a
443 2716 651 2802 scriptoribus
675 2716 905 2783 ecclesiasticis
929 2717 997 2782 eius
1020 2715 1185 2800 scriptoris
1213 2715 1333 2781 nomini

164 2823 383 2908 adsignentur,
410 2843 505 2908 quem
530 2831 638 2891 nostro
662 2825 802 2891 maxime
827 2844 1003 2911 congruere
1026 2822 1286 2890 intellexerimus.

161 2987 255 3040 tuisse
283 2985 354 3040 inde
382 2987 513 3061 fortasse
541 2987 710 3057 intellegas,
740 2987 822 3056 quod
848 2989 939 3042 etiam
965 3003 983 3042 a
1005 2986 1089 3042 Beda
1109 2985 1253 3041 Britanno
1282 2985 1331 3040 illo

162 3090 262 3128 rerum
282 3076 553 3130 ecclesiasticarum
572 3076 716 3145 scriptore
736 3092 802 3132 eam
822 3079 977 3132 narratam
997 3092 1063 3132 esse
1077 3081 1111 3132 ut
1125 3089 1330 3144 ,communem

162 3165 307 3218 maiorum
326 3164 454 3218 famam“
477 3170 583 3219 auctor
603 3169 648 3218 est
667 3163 870 3220 Abaelardius
896 3167 926 3219 in
952 3167 1150 3236 responsione
1176 3165 1216 3220 ad
1243 3179 1332 3235 quae·

163 3255 290 3307 stiouem
309 3254 352 3307 41.
371 3253 525 3308 Heloisiac
545 3253 624 3307 data.
662 3253 750 3318 Quod
772 3256 974 3310 testimouium
995 3256 1091 3311 debeo
1111 3255 1332 3312 chamberlanil

163 3341 240 3396 libro
262 3343 335 3410 ,Die
354 3340 555 3410 Grundlagen
575 3343 627 3396 des
647 3341 726 3397 XIX.
746 3341 865 3397 Jahrh.“
886 3346 941 3398 ubi
958 3345 1071 3416 legitur
1092 3362 1118 3415 p.
1132 3346 1193 3414 431,
1214 3349 1274 3402 not.
1289 3343 1314 3401 2.

270 3430 297 3497 l)
317 3429 402 3494 Quae
422 3430 473 3484 via
485 3429 554 3485 ideo
569 3445 691 3502 quoque
705 3435 784 3486 esset
796 3434 1002 3501 incertissima,
1023 3435 1106 3505 quod
1120 3451 1156 3489 ea
1169 3441 1269 3491 aetate
1283 3451 1330 3506 pa·

162 3533 261 3588 gaurus
274 3519 323 3574 ille
336 3519 529 3588 quaerendus
544 3523 632 3587 esset,
652 3535 713 3590 qua
727 3521 800 3591 quid
819 3537 875 3576 suo
895 3537 1033 3578 sermone
1050 3525 1159 3594 aliquis
1172 3525 1333 3595 scripserit,

163 3609 236 3678 quid
250 3608 288 3663 de
302 3609 368 3663 aliis
382 3610 550 3680 paginatim
564 3612 732 3680 sumpserit,
753 3612 810 3665 nisi
826 3610 1002 3666 difficillima
1016 3615 1212 3682 inquisitione
1227 3615 1333 3669 dliudi·

162 3699 224 3752 cari
238 3699 351 3768 nequit.
372 3698 462 3754 Velut
474 3698 604 3753 Iacobus
618 3698 754 3768 Beruays
767 3700 799 3753 in
814 3714 849 3753 eo
865 3699 949 3765 libro,
969 3703 1021 3770 qui
1034 3703 1209 3757 inscribitur
1223 3703 1332 3770 ,Theo-

162 3790 283 3858 phrasto
302 3786 412 3844 Schrift
431 3788 507 3843 iiber
525 3788 759 3858 Frttmmigkeit‘
782 3789 819 3844 de
839 3789 999 3858 Porphyrii
1025 3805 1116 3860 opere
1138 3794 1201 3859 περὶ
1225 3791 1333 3859 ἀποχῆς

163 3879 297 3944 ἐμψύχων
327 3879 510 3949 paucissima
538 3879 595 3949 ipsi
621 3879 788 3948 Porphyrio
817 3879 948 3949 reliquit,
977 3895 993 3934 e
1022 3880 1133 3948 quihus
1162 3881 1214 3935 vix
1243 3881 1333 3936 huius

162 3969 315 4037 scriptoris
336 3967 586 4024 consuetudinem
606 3969 757 4024 scribendi
777 3983 955 4038 cognoscas.
983 3969 1087 4039 Neque
1100 3971 1194 4040 igitur
1207 3969 1332 4026 Carolus

162 4057 356 4126 Kalblleisch,
371 4074 438 4113 cum
452 4059 561 4112 librum
576 4059 614 4112 ab
628 4060 694 4129 ipso
710 4061 838 4128 primum
849 4058 961 4114 editum
975 4059 1142 4134 Porphyuto
1156 4059 1332 4130 adsignarct

161 4146 203 4213 (iu
217 4145 342 4200 dissertt.
354 4146 496 4202 Academ.
508 4147 636 4204 Berolin.
649 4149 740 4216 1895),
760 4148 965 4218 comparando
977 4149 1107 4204 sermoni
1126 4153 1156 4202 et
1168 4149 1330 4206 verborum

161 4235 231 4289 usui
251 4235 334 4288 dedit
354 4252 477 4306 operam
498 4238 554 4292 nisi
574 4240 665 4293 unica
684 4239 789 4294 notula
810 4254 836 4308 p.
856 4237 894 4306 lo,
911 4239 933 4294 1.

730 4423 769 4428 .-—
778 4421 852 4428 ...n-⁴·-
