3060 5086
691 265 849 316 ..8-

186 447 282 514 verbo
307 447 490 512 affirmatur
513 466 584 512 cum
601 446 739 512 voluisse
767 443 964 512 νδελεάῑεινι
984 443 1148 523 Satamrm,
1174 443 1257 510 utin
1274 442 1355 509 divi·

185 576 258 620 nam
282 560 429 622 naturam
454 556 607 639 impetum
630 554 752 619 faceret
774 556 796 634 λ.

291 662 395 727 Multa
420 663 516 727 etiam
541 661 654 727 afferri
677 666 811 746 possunt
835 659 972 744 singula,
1001 661 1033 724 in
1058 661 1172 743 quibus
1195 659 1356 725 Macarius

186 771 348 855 conspirat
372 789 441 836 cum
466 770 611 854 patribus
638 767 789 834 factionis
812 769 988 850 Nicaenae,
1012 767 1069 833 sed
1094 767 1174 834 duas
1199 787 1249 833 res
1277 766 1356 832 satis

186 877 289 943 habco
329 875 493 960 adnotare,
534 876 629 942 etiam
666 876 801 961 symboli
835 873 1355 960 Nicaeno-Oonstantinopoiitani,

187 984 271 1068 quod
297 983 424 1067 dicitur,
449 982 535 1069 apud
559 989 701 1050 nostrum
727 989 853 1049 exstare
877 982 1136 1064 similitudines2)
1161 990 1194 1048 et
1217 981 1357 1049 inNioe·

186 1092 278 1177 phori
302 1091 413 1157 codice
437 1091 646 1176 posteriorem
673 1090 832 1174 quendam
856 1089 1019 1155 librarium
1044 1089 1084 1155 dc
1108 1089 1242 1156 Macarii
1269 1087 1357 1154 theo-

186 1199 273 1282 logia
295 1198 342 1264 ita
365 1196 535 1276 iudicasse,
561 1204 595 1263 nt
620 1198 789 1264 clarissimi
812 1197 897 1262 iliius
915 1196 1112 1280 theologiae,
1134 1196 1175 1261 de
1193 1216 1257 1279 qua
1277 1194 1357 1259 dixi-

186 1325 267 1388 mus,
299 1307 468 1371 scctatoris
499 1325 614 1370 nomen
645 1305 758 1390 primo,
795 1302 881 1388 quod
914 1303 958 1369 ibi
992 1304 1141 1385 occurrit,
1174 1303 1357 1386 fragmento

187 1412 371 1478 Macariano
396 1410 574 1492 adderem).

294 1520 413 1585 Contra
425 1518 630 1586 acerbissimo
644 1518 718 1585 odio
734 1519 909 1585 insectatur
922 1525 1031 1585 noster
1045 1518 1195 1600 (maxime
1207 1539 1239 1602 p.
1248 1507 1357 1600 tideo.)

187 1625 347 1709 quandam
371 1626 513 1692 scholam
538 1627 762 1710 theologicam,
788 1647 883 1710 quam
907 1627 962 1693 rix
978 1626 1079 1693 fuisse
1103 1625 1198 1690 aliam
1223 1629 1358 1709 apparot

87 1768 89 1773 ·
187 1732 248 1799 nisi
262 1732 495 1802 Antiochenam
512 1733 601 1799 illam
618 1733 752 1800 Diodori
776 1739 808 1798 et
825 1732 987 1800 Theodori
1005 1731 1233 1817 Mopsuesteni,
1258 1751 1358 1816 oppo-

187 1841 284 1909 sitam
300 1842 465 1909 Nicaenae
489 1847 521 1907 et
545 1842 641 1926 paulo
658 1862 698 1909 ea
713 1843 932 1926 posteriorem.
972 1841 1121 1907 Ceterum
1139 1838 1233 1906 valdc
1250 1837 1359 1904 dolen·
1395 1897 1397 1902 .

188 1947 263 2013 dum
292 1955 341 2016 est
371 1955 457 2016 certo
490 1969 556 2014 rem
586 1970 650 2015 non
683 1970 777 2035 posse
811 1948 950 2031 decerni,
985 1948 1061 2032 quia
1093 1948 1193 2031 locus,
1227 1953 1359 2032 propter

189 2057 279 2121 cuius
302 2056 601 2141 interpunctionem,
625 2063 660 2122 ut
684 2058 739 2132 ait,
769 2057 901 2141 impiam
925 2056 1084 2122 Macarius
1107 2056 1128 2121 l.
1145 2055 1166 2121 l.
1191 2061 1298 2120 omnia
1326 2055 1358 2118 in

188 2163 261 2230 iilos
283 2161 457 2228 maledicta
481 2164 626 2242 contulit,
650 2163 719 2230 scii.
737 2184 852 2247 evang.
867 2162 945 2228 Luc.
963 2163 1018 2247 23,
1034 2164 1088 2241 43,
1112 2163 1146 2228 in
1169 2161 1359 2247 fragmentis

190 2270 458 2336 Antiochenorum
482 2272 516 2336 in
539 2272 621 2339 Nor.
646 2272 788 2337 Testam.
813 2271 1111 2336 commentariorum
1144 2290 1206 2337 non
1240 2274 1357 2336 exstat.

190 2379 280 2458 Quae
311 2387 417 2444 tamen
448 2380 529 2445 ultro
562 2379 627 2446 illis
651 2379 812 2444 Macarius
846 2378 971 2444 crimini
1004 2380 1111 2462 vertit,
1147 2376 1233 2461 quod
1267 2377 1358 2460 quasi

189 2487 400 2566 χριστομάχοι
426 2524 465 2533 -
491 2485 577 2569 quod
601 2506 717 2552 nomen
739 2485 772 2551 in
790 2486 982 2552 Arianorum
999 2486 1178 2551 convicium
1194 2485 1357 2550 inventum

190 2601 259 2658 erat
283 2629 326 2640 -
351 2592 510 2658 Christum
534 2593 633 2659 velint
656 2592 866 2672 reparatorem
890 2593 925 2658 ἐν
948 2599 994 2677 τῷ
1017 2592 1120 2669 πάθει,
1145 2593 1264 2677 optime
1287 2611 1360 2657 oon·

190 2701 276 2783 gruit
299 2701 348 2783 iis,
374 2720 456 2783 quae
480 2700 616 2766 Adolfus
630 2699 784 2765 Ha‘mack
800 2699 841 2764 de
854 2699 1127 2766 Antiochenorum
1152 2699 1375 2785 christologia

191 2808 382 2892 exposuit4).
429 2808 477 2872 Ac
499 2827 607 2874 rursus
631 2806 785 2873 habemus
807 2806 1005 2873 Theodoreti
1021 2807 1181 2892 Cyrensis,
1206 2808 1360 2892 postremi
1398 2795 1400 2803 ⁴

190 2914 321 2982 scholae
356 2913 577 2980 Antiochense
610 2915 765 3001 principis
776 2916 812 2998 5),
852 2915 1091 3000 responsionem
1123 2914 1166 2980 ad
1199 2914 1360 2998 quandam

190 3021 485 3106 interpretationem
509 3023 689 3107 mysticam,
715 3024 804 3088 cuius
828 3022 1030 3108 praeclarum
1047 3023 1210 3108 exemplar
1226 3022 1360 3106 legimus

191 3127 277 3213 apud
301 3129 477 3194 Macarium
506 3135 646 3199 nostrum
670 3151 702 3216 p.
721 3131 774 3213 73,
791 3132 828 3195 2:
853 3129 933 3210 αὕτη
957 3130 977 3208 ἡ
1002 3132 1128 3210 σκώληξ
1153 3129 1208 3212 (de
1232 3129 1360 3196 Christo

299 3359 326 3428 1)
347 3358 389 3415 Gi.
408 3359 537 3429 Nysseni
557 3375 679 3430 quoque
698 3359 840 3431 Gregorii
865 3361 1012 3416 cateches.
1033 3361 1137 3416 15-27
1161 3367 1191 3416 et
1211 3360 1267 3415 Ad.
1287 3361 1361 3416 Har·

191 3452 279 3518 nack,
299 3451 365 3504 hist.
388 3450 518 3520 dogmat.
539 3449 647 3504 11174.

191 3573 194 3578 ι
298 3541 325 3604 2)
346 3538 500 3606 Conferte,
520 3539 619 3606 velim,
639 3556 666 3610 p.
681 3540 723 3608 91,
737 3539 785 3594 29:
808 3539 955 3608 (Christus
975 3542 990 3593 ὁ
1009 3542 1113 3607 νοητὸς
1131 3543 1220 3607 ἥλιος)
1240 3541 1362 3609 ἀπορρή-

191 3646 249 3694 τως
273 3630 308 3683 ἐκ
331 3631 460 3696 πατρὸς
483 3629 630 3695 ἀνατείλας
653 3629 819 3698 ἀχρόνως
841 3633 1042 3697 γενόμενος
1066 3671 1072 3684 .
1093 3673 1098 3685 .
1120 3671 1125 3684 .
1150 3637 1226 3697 φῶς
1245 3633 1362 3696 ὄντως

192 3719 368 3785 ἀληθινόν
392 3734 458 3772 cum
482 3719 562 3774 iliius
585 3720 713 3789 symboli
736 3721 853 3776 verbis:
875 3723 926 3774 τὸν
946 3722 982 3774 ἐκ
1001 3723 1130 3788 πατρὸς
1148 3721 1363 3786 γεννηθέντα

191 3810 254 3875 πρὸ
278 3810 418 3862 πάντων
443 3808 586 3877 αἰώνων,
614 3814 686 3877 φῶς
705 3811 740 3864 ἐκ
760 3812 890 3878 φωτός,
919 3812 998 3863 θεὸν
1027 3810 1190 3876 ἀληθινὸν
1218 3810 1248 3862 ἐκ
1276 3813 1361 3863 θεοῦ

192 3898 357 3964 ἀληθινοῦ
377 3900 435 3952 κτλ.

299 3988 327 4056 3)
346 3986 448 4042 Monet
461 3989 540 4043 enim
554 3987 637 4043 Pitra
650 3990 667 4043 l.
681 3990 699 4043 i.
719 4005 747 4059 p.
758 3989 819 4057 311,
839 3994 899 4043 not.
913 3988 930 4041 2
949 4004 1044 4058 prope
1063 3989 1078 4042 o
1092 3989 1271 4056 συγγραφεὺς
1290 3990 1362 4052 (scii.

192 4077 367 4146 Macariusi)
386 4079 488 4145 φάσκει
508 4079 539 4131 in
558 4080 698 4148 margine
716 4079 778 4147 legi
797 4079 819 4131 0
839 4078 1102 4146 ΧΡΥΕΟΕΤΟΜΟΕ,
1123 4092 1183 4148 quo
1196 4079 1299 4132 forsan
1314 4079 1362 4132 de·

193 4172 296 4238 ceptus
320 4170 429 4224 errore'
446 4167 598 4223 studiosos
621 4167 782 4222 ἀνεκδότων
808 4167 1005 4238 indagatores
1023 4167 1198 4222 Macariana
1223 4171 1284 4222 tam
1311 4167 1363 4221 diu

191 4259 332 4328 neglecta
352 4259 487 4312 omisisse
507 4258 658 4328 opinatur.

298 4347 326 4415 4)
346 4347 421 4402 Hist.
443 4347 577 4416 dogmat.
596 4346 625 4400 ΙΙ
644 4346 705 4401 330.

299 4439 327 4509 5)
350 4437 407 4504 Qui
426 4439 483 4492 fuit
503 4453 546 4492 ca.
567 4454 594 4491 a.
607 4436 757 4492 oss-458.
