3060 5086
618 246 796 300 ..49-

118 429 315 512 disputarat;
350 433 518 508 utrumque
551 446 628 490 vero
661 426 839 490 invenimus
871 422 957 508 apud
982 423 1116 488 Macarii
1150 420 1292 506 philoso-

117 535 225 620 phum.
274 533 381 598 Habet
416 533 512 598 deum
545 553 726 617 supremum
755 536 800 616 (p.
820 531 897 610 190)
927 532 1010 596 sieut
1033 528 1218 610 Christiani,
1254 529 1291 593 τὸ

117 647 250 727 πρῶτον
274 640 398 706 seilicet
420 641 472 705 rel
489 641 525 704 ἓν
540 641 790 722 Platonicorum,
814 637 871 704 sed
887 658 928 704 ne
944 635 1119 702 monarcha
1135 634 1291 719 indigeat,

117 745 234 828 quibus
257 745 404 828 imperet,
427 749 463 806 ut
487 741 581 808 homo
604 762 679 806 vere
703 761 849 827 paganus
872 739 1013 825 postulat
1028 740 1070 805 ab
1087 738 1293 819 adversariis,

117 859 152 917 ut
177 851 256 916 deos
279 856 422 917 statuant
446 852 514 916 eins
537 851 672 930 similes;
697 856 732 915 at
756 848 853 914 etiam
870 869 890 912 a
906 846 1097 913 Christianis
1113 866 1170 911 eos
1185 846 1292 930 putari

117 965 225 1024 menet
249 961 292 1044 (p.
311 959 400 1039 200),
425 957 520 1022 modo
537 957 680 1041 angelos,
703 978 768 1022 non
784 956 862 1022 deos
879 954 1048 1040 appellari,
1072 960 1174 1018 totam
1195 953 1294 1038 igitur

121 1067 338 1148 quaestionem
361 1085 431 1130 esse
454 1065 614 1129 nominum
627 1068 662 1145 ¹).
709 1065 811 1130 Unius
833 1062 915 1128 haee
931 1061 1101 1146 Porphyrii
1126 1079 1197 1125 esse
1221 1079 1293 1145 pes-

121 1178 194 1238 sunt
228 1178 259 1237 et
292 1171 419 1255 longius
453 1172 537 1237 illius
572 1170 702 1254 quidem
737 1171 802 1236 iam
836 1153 982 1256 provecti
1019 1169 1052 1232 in
1087 1165 1293 1252 philosophia

120 1279 312 1362 Plotiniana,
330 1278 384 1363 qui
401 1280 529 1364 proprie
546 1279 622 1344 θεόν
638 1279 735 1345 habet
751 1277 830 1344 illud
843 1260 1026 1362 ¹„primum“
1044 1276 1095 1341 vel
1110 1272 1245 1360 ,unum“
1255 1277 1293 1357 ²),

118 1389 298 1473 superiores
321 1409 397 1455 vero
428 1389 478 1453 vel
512 1386 642 1453 divinas
676 1394 863 1472 potestates,
901 1405 985 1468 quae
1019 1383 1066 1448 illi
1100 1384 1293 1466 ministrent,

118 1517 231 1582 parum
256 1504 356 1580 curat,
380 1504 484 1561 utrum
510 1495 731 1582 philosophice
755 1495 916 1573 ἀγγέλους
940 1497 1046 1573 vocet,
1080 1512 1121 1556 an
1145 1488 1293 1575 populari

118 1605 266 1688 religioni
289 1605 461 1670 obsecutus
485 1603 596 1685 θεούς;
618 1625 693 1668 nam
718 1624 789 1669 cum
813 1603 846 1666 in
870 1607 951 1667 sent.
968 1599 1021 1664 34.
1051 1604 1118 1663 τῶν
1134 1596 1294 1679 ἀφορμῶν

117 1717 161 1797 (p.
178 1712 244 1776 238
269 1711 386 1790 Holst.)
418 1717 567 1794 quattuor
591 1712 742 1776 virtutum
765 1729 886 1793 genera
909 1727 967 1793 per
990 1704 1213 1789 gradationem
1237 1703 1293 1769 ad-

117 1819 225 1902 signet
258 1819 426 1903 σπουδαίῳ
459 1817 664 1904 ἀνθρώπῳ,
703 1818 862 1897 δαίμονι
901 1816 1026 1898 ἀγαθῷ,
1064 1817 1153 1896 θεῷ,
1193 1817 1293 1876 θεῶν

117 1922 255 2006 πατρί,
291 1920 377 2007 apud
411 1920 625 2004 Augustinum
661 1920 717 1985 alii
754 1927 923 1986 servantur
957 1922 1025 1986 eius
1063 1920 1136 2002 loci,
1176 1919 1293 2002 quibus

116 2029 224 2112 angeli
248 2050 268 2093 a
291 2029 501 2117 daemonibus
524 2029 688 2112 segregati
712 2028 807 2112 plane
822 2027 855 2092 in
873 2027 1005 2094 deorum
1023 2026 1170 2093 videntur
1187 2027 1291 2092 locum

118 2135 335 2218 succederet).

225 2243 317 2322 Quod
342 2251 449 2308 autem
473 2244 570 2329 ipsos,
596 2245 649 2326 qui
674 2242 723 2309 dis
747 2243 891 2309 debitum
916 2244 1035 2309 cultum
1060 2248 1233 2328 praestent,
1258 2242 1291 2306 in

118 2350 205 2435 ligno
229 2352 280 2416 vel
307 2349 415 2434 lapide
439 2351 491 2415 vel
514 2369 589 2414 aere
613 2369 682 2414 esse
706 2348 800 2414 deum
824 2352 982 2416 infitiatur
1009 2349 1142 2416 eredere
1158 2349 1291 2434 (paee,

120 2458 160 2522 13
173 2460 257 2541 sqq.)
281 2459 344 2520 iam
369 2457 402 2520 in
425 2455 506 2521 libro
530 2478 563 2520 π.
589 2454 781 2534 ἀγαλμάτων
799 2455 995 2541 Porphyrius
1012 2458 1193 2523 affirmarat
1212 2453 1291 2523 ξύλα

115 2565 167 2629 καὶ
192 2565 302 2643 λίθους
324 2565 472 2644 ἡγεῖσθαι
494 2563 534 2627 τά
567 2562 668 2629 ξόανα
701 2563 778 2640 τοὺς
813 2561 1055 2642 ἀμαθεστάτους
1088 2563 1174 2630 solos
1198 2564 1289 2644 (Eue.

226 2798 252 2862 1)
271 2797 337 2854 Vid.
357 2815 383 2868 p.
398 2797 458 2864 200,
474 2798 487 2850 1
502 2811 578 2868 sqq.=
598 2795 622 2851 εἰ
640 2801 710 2861 γοθν
730 2797 864 2864 ἀγγέλους
883 2798 957 2865 φατέ
977 2837 1024 2852 ...
1044 2797 1094 2861 οος
1112 2799 1191 2864 ἡμεῖς
1207 2799 1290 2863 θεοὺς

115 2886 234 2953 λέγομεν
254 2893 284 2942 et
302 2887 394 2958 paulo
414 2892 495 2957 post:
515 2887 570 2942 εἴτε
589 2887 641 2942 οὖν
660 2890 742 2953 θεοὺς
759 2889 815 2942 εἴτε
829 2889 965 2953 ἀγγέλους
977 2904 1019 2952 τις
1032 2889 1136 2952 αὐτοὺς
1149 2888 1290 2957 ὀνομάζει,

115 2979 150 3032 οὐ
170 2978 242 3031 πολὺ
261 2979 294 3032 τὸ
315 2978 461 3045 διάφορον.

222 3068 250 3135 2)
270 3068 416 3124 Conferas
434 3069 466 3122 in
486 3070 590 3137 ἀφορμ.
612 3084 658 3134 πρ.
678 3068 714 3121 τά
733 3068 918 3133 represent.
938 3067 980 3122 31.
1001 3068 1173 3122 sollemnem
1193 3065 1290 3122 Plato·

115 3159 252 3213 nieorum
271 3161 451 3214 trinitatem:
471 3160 486 3212 ὁ
506 3160 570 3223 θεὸς
590 3187 621 3196 -
643 3159 744 3222 ὸνοῠς
766 3188 796 3197 -
817 3159 834 3224 ἡ
856 3159 943 3224 ψυχή.

222 3247 249 3311 3)
269 3247 398 3316 August.
413 3247 452 3301 de
468 3248 524 3300 eiv.
540 3248 589 3300 dei
608 3245 636 3299 X
650 3247 684 3300 26
703 3247 743 3317 (p.
756 3247 818 3316 442,
831 3247 866 3302 28
885 3247 1017 3314 Domb.):
1040 3261 1075 3318 ,a
1091 3247 1202 3317 quibus
1216 3247 1288 3314 (scil.

118 3331 326 3399 daemonibus)
352 3336 445 3402 longe
470 3334 591 3388 diversa
617 3338 663 3389 est
687 3338 784 3405 pietas
803 3336 991 3390 subditorum
1012 3336 1087 3403 dei“,
1115 3338 1133 3392 i.
1152 3352 1177 3392 e.
1198 3352 1289 3408 ange·

116 3420 222 3487 lorum,
244 3436 320 3488 quos
340 3423 422 3490 prius
443 3425 482 3486 (v.
497 3423 530 3476 14
540 3427 594 3492 sq.)
615 3429 643 3478 et
664 3425 834 3480 hominibus
853 3426 1019 3496 theurgicis
1034 3426 1138 3481 divina
1157 3441 1289 3496 pronun-

116 3511 193 3564 tiare
214 3509 298 3573 dixit,
319 3513 348 3562 et
367 3510 438 3563 ibid.
454 3509 513 3564 Χθ
532 3512 571 3581 (p.
585 3511 647 3581 416,
660 3514 702 3581 9):
725 3515 885 3581 ,discernit
905 3531 923 3568 a
943 3515 1143 3572 daemonibus
1163 3517 1289 3586 angelos

116 3601 201 3654 aeria
226 3599 294 3653 loca
316 3613 382 3653 esse
408 3599 598 3667 daemonum,
628 3599 762 3656 aetheria
787 3603 835 3657 vel
860 3619 1004 3673 empyrea
1031 3605 1181 3660 disserens
1200 3621 1289 3676 aage-

115 3688 240 3744 lorum.“
272 3687 352 3752 Quos
371 3689 531 3758 Porphyrii
551 3690 632 3742 locos
644 3690 834 3758 Augustinus
855 3694 992 3748 consulto
1012 3696 1137 3764 opponit
1150 3696 1289 3764 Apuleio,

116 3781 168 3848 qui
189 3781 260 3834 deos
280 3778 318 3832 ad
338 3776 473 3834 aetheria
492 3775 595 3847 spatia
615 3778 764 3833 rettulerit
784 3781 848 3834 sive
863 3782 996 3835 visibiles
1016 3784 1110 3837 solem
1129 3799 1166 3837 ae
1185 3786 1288 3838 lunam

116 3873 146 3921 et
170 3874 272 3924 cetera
295 3869 405 3924 ibidem
432 3868 547 3921 lumina
569 3868 633 3922 sive
659 3868 835 3936 invisibiles,
865 3884 941 3938 quos
962 3876 1095 3940 putaret;
1127 3873 1230 3941 itaque
1250 3873 1288 3925 si·
1400 3921 1405 3929 ‚
1442 3871 1445 3882 “

117 3956 222 4011 derum
242 3960 426 4024 numinibus,
455 3972 534 4027 quae
554 3958 686 4012 maxime
706 3958 836 4027 populus
856 3958 930 4012 deos
949 3959 1090 4027 habebat,
1114 3959 1287 4029 Augustino

116 4046 221 4100 saltem
240 4046 427 4117 Porphyrius
447 4047 570 4101 videtur
589 4062 660 4101 suos
678 4048 806 4118 angelos
827 4061 1025 4118 exaequasse.
1047 4077 1078 4086 -
1098 4047 1167 4117 lpse
1186 4053 1287 4103 autem

115 4135 302 4203 Porphyrius
323 4138 510 4191 confusionis
529 4136 608 4190 illius
628 4137 754 4190 deorum
779 4141 809 4192 et
834 4139 1013 4207 angelorum
1039 4137 1162 4191 exhibet
1188 4152 1287 4192 exem·

116 4225 207 4294 plum,
227 4240 296 4278 cum
316 4241 364 4294 ap.
383 4227 513 4296 August.
534 4226 562 4280 X
583 4227 614 4279 10
632 4226 672 4298 (p.
686 4227 748 4294 418,
760 4227 787 4292 5)
808 4243 862 4298 per
882 4227 1052 4296 theurgiam
1073 4232 1287 4280 commemoret

115 4315 251 4368 homines
276 4315 423 4381 quasdam
448 4317 625 4371 mirabiliter
651 4317 794 4386 pulchras
812 4319 857 4371 vel
876 4317 1054 4388 angelorum
1073 4316 1222 4385 imagines
1241 4315 1287 4370 oei

116 4403 241 4458 deorum
262 4443 311 4458 ...
331 4403 444 4458 videre.

1110 4496 1129 4550 4
