3060 5086
645 237 820 291 ..19-

149 442 212 504 quo
235 421 307 486 loco
333 421 386 485 ille
420 419 626 502 quaestiones
659 416 834 501 reliquerit,
866 415 911 480 ibi
945 417 1040 490 etiam
1074 435 1158 480 nunc
1186 435 1241 480 eas
1272 433 1318 492 re·
1365 449 1368 456 ·

148 548 300 613 sponsum
325 531 515 611 exspectare
545 533 605 590 nec
640 525 722 589 solvi
756 543 850 608 posse
884 523 944 587 nisi
980 519 1215 604 quodammodo
1250 521 1319 587 cius

146 635 305 700 voluntati
329 634 501 699 obsecutus
525 631 567 696 ad
591 631 750 715 simplicia
775 638 807 696 et
835 629 948 694 intima
979 628 1080 694 iidem
1105 627 1317 694 Christianam

150 740 393 820 reformaveris3
417 740 482 804 alia
505 759 582 804 vero
606 744 678 804 sunt
703 737 823 822 capita,
847 738 880 801 in
905 736 1021 819 quibus
1036 735 1198 818 loquendi,
1223 736 1319 799 immo

147 847 314 933 cogitandi
348 848 431 912 ratio
465 847 591 911 omnino
614 845 743 910 videtur
779 864 848 910 esse
881 845 1058 925 immutata,
1094 864 1163 908 cum
1198 849 1321 906 tumore

147 957 317 1037 sermonis,
341 955 591 1039 repetitionibus,
609 953 909 1032 exclamationibus,
927 951 1230 1035 interrogationibus
1249 948 1320 1015 rhe-

151 1062 264 1144 torice,
288 1081 327 1126 ne
351 1061 456 1126 dicam
481 1062 659 1143 loquaciter
683 1059 846 1140 immixtis,
879 1061 962 1125 sicut
985 1059 1173 1144 saepissime
1197 1059 1228 1122 in
1252 1057 1320 1122 Ma·

154 1170 232 1235 carii
255 1169 524 1253 responsionibus,
548 1168 780 1234 sententiarum
803 1186 907 1252 paene
931 1166 1118 1232 obscuretur
1141 1184 1319 1250 processus.

152 1276 258 1358 Atque
283 1274 396 1340 eadem
419 1282 494 1341 sunt
517 1275 636 1358 capita,
661 1294 744 1357 quae
768 1274 819 1339 vel
843 1274 964 1340 ambitu
988 1279 1166 1338 ceterorum
1191 1271 1319 1354 modum

148 1382 310 1448 excedunt
333 1389 365 1448 et
388 1383 421 1448 in
450 1384 565 1466 quibus
588 1419 632 1428 —
656 1381 701 1465 id,
733 1381 817 1465 quod
846 1401 942 1466 supra
969 1380 1221 1446 reticuimus-
1243 1400 1320 1444 non-

149 1489 258 1556 nullae
282 1490 380 1555 etiam
409 1491 441 1554 in
474 1488 581 1556 media
614 1490 891 1572 argumentatione
926 1488 1130 1554 inveniuntur
1164 1487 1321 1554 formulae

148 1596 341 1681 dialogicae.
401 1596 508 1675 Quare
536 1599 568 1661 in
598 1595 648 1662 his
675 1616 801 1680 quoque
830 1596 1076 1662 retractationes
1107 1595 1242 1662 Macarii
1272 1614 1321 1661 su-

148 1705 354 1789 spicabimur.
1297 1701 1300 1706 '

256 1810 321 1877 Sed
354 1831 425 1877 cunr
462 1812 570 1878 omnia
607 1811 674 1877 eius
707 1811 793 1877 modi
817 1792 937 1896 ¹capita
972 1809 1185 1896 perlustrandi
1216 1830 1321 1893 neque

154 1925 279 2004 tempus
303 1920 344 1985 sit
368 1939 471 2002 neque
495 1939 603 1996 causa,
628 1939 724 1984 unum
749 1919 839 2003 quasi
863 1919 1029 2003 exemplar
1057 1938 1261 2004 exponemus,
1289 1919 1322 1983 in

154 2046 215 2108 quo
239 2027 380 2110 largiora
404 2033 437 2091 ct
461 2027 597 2092 certiora
625 2034 783 2112 apparent
805 2025 939 2091 Macarii
963 2024 1195 2107 additamenta,
1226 2024 1247 2089 l.
1272 2025 1322 2090 ΙΙΙ

153 2153 223 2217 cap.
249 2133 304 2198 IV.
331 2135 376 2218 (p.
393 2134 548 2215 55-57),
572 2133 626 2198 ubi
652 2135 763 2199 miram
787 2153 864 2199 sane
888 2133 1053 2200 historiam
1083 2153 1229 2218 paganus
1259 2138 1321 2198 tra·

153 2239 244 2306 ducit
267 2239 387 2305 Christi
410 2239 584 2307 daemones
606 2242 639 2307 in
664 2262 796 2326 gregem
821 2261 988 2326 porcorum
1004 2242 1170 2306 mittentis.
1193 2275 1226 2286 -
1248 2241 1321 2305 Bre

152 2349 234 2413 viter
257 2347 348 2412 initio
373 2367 439 2411 rem
463 2350 623 2433 proponit,
648 2350 773 2431 qualem
795 2348 979 2414 Matthaeus
1002 2347 1230 2432 descripserat,
1255 2341 1320 2413 tuln

153 2455 295 2520 Marcum
332 2457 471 2520 numeris
506 2454 611 2519 auctis
640 2456 693 2520 vel
722 2474 831 2520 omnes
863 2456 1010 2520 veritatis
1045 2455 1128 2520 fines
1163 2453 1321 2572 excedpre

150 2561 253 2645 addit,
290 2564 380 2628 cuius
413 2563 459 2628 rei
492 2563 709 2628 testimonium
743 2561 842 2626 affert
871 2561 942 2646 ipsa
972 2561 1191 2646 evangelistae
1220 2562 1321 2628 verba

152 2671 227 2751 (Mc.
247 2670 279 2745 5,
302 2671 421 2753 8sqq.)
453 2669 584 2755 propria
612 2668 751 2752 quadam
780 2668 884 2734 forma
912 2690 931 2733 a
961 2657 1139 2735 nostrorum
1173 2669 1320 2735 codicum

154 2783 246 2842 textu
269 2777 388 2843 usitato
412 2776 576 2860 aliquanto
601 2776 741 2844 distante
750 2781 786 2859 1).
833 2777 904 2855 Qua
928 2776 968 2842 de
993 2797 1091 2842 causa
1117 2775 1196 2843 haec
1221 2778 1320 2844 verba

148 2904 364 2915 ——v—-a-

256 2972 283 3036 1)
303 2971 412 3026 Mirum
438 2976 539 3026 autem
566 2977 612 3027 est
638 2959 807 3041 philosophi
832 2971 990 3026 lectionem
1016 2975 1123 3024 contra
1148 2971 1321 3040 praeclaros

148 3062 304 3131 perlectae
324 3061 471 3116 ecclesiae
491 3062 659 3115 catholicae
679 3062 800 3115 codices
819 3062 954 3115 unciales
968 3059 1019 3114 AB
1038 3075 1130 3130 saepe
1150 3062 1321 3116 consentire
1418 3093 1423 3100 ·

149 3165 217 3204 cum
237 3152 373 3218 testibus,
397 3156 431 3204 ut
451 3152 545 3219 aiunt,
572 3150 819 3214 occidentalibus,
846 3150 1027 3219 quibusdam
1045 3149 1195 3206 sermonis
1214 3149 1322 3206 ueteris

149 3236 279 3293 Latinae
299 3240 456 3296 codicibus
476 3245 505 3294 et
525 3238 629 3292 codice
648 3238 893 3308 cantabrigiensi
910 3239 936 3292 D
951 3238 1186 3294 Graeco-latino.
1218 3239 1321 3294 Pauca

152 3324 372 3381 Tischendortii
394 3327 478 3395 siglis
497 3317 616 3380 usitatis
635 3329 770 3381 afferam.
808 3328 908 3382 Habet
926 3333 1030 3383 noster
1048 3329 1120 3383 inde
1139 3344 1158 3383 a
1177 3346 1206 3382 v.
1219 3329 1249 3383 6:

220 3415 275 3467 ἀπὸ
294 3420 346 3468 rob
366 3430 421 3484 pro
441 3416 472 3468 ἐκ
492 3419 558 3468 roo:
578 3418 657 3478 (cum
675 3414 702 3470 A
722 3417 888 3485 paucisque
907 3418 1045 3486 minusc.)
1066 3434 1090 3485 c,
1103 3419 1123 3483 i,
1135 3417 1157 3484 i,
1170 3419 1221 3488 l,q
1240 3417 1321 3472 Latt.

221 3503 409 3571 ἐπηρώτησαν
428 3521 483 3574 pro
503 3505 634 3574 imperi:
654 3505 733 3573 (cum
753 3503 790 3570 Α)
811 3520 837 3572 a,
858 3521 883 3573 c,
903 3522 928 3573 e,
947 3505 996 3574 fi2,
1015 3505 1036 3572 i,
1056 3523 1076 3577 q
1094 3507 1172 3562 Latt.

218 3592 249 3650 ul
266 3608 310 3648 σοι
328 3595 432 3662 scopa,
455 3610 509 3663 pro
529 3595 619 3659 ὄνομά
638 3609 695 3662 ⁰⁰¹3
715 3595 751 3662 Ι),
769 3592 803 3662 it,
822 3609 868 3664 up,
889 3593 1010 3664 Origen.
1030 3594 1159 3663 interpr,

222 3683 359 3750 ἀπεκρίθη
380 3683 613 3749 emissarium:
633 3683 670 3751 D,
689 3700 716 3752 a,
737 3684 763 3750 b,
784 3699 809 3751 e,
829 3684 849 3749 i,
869 3680 889 3752 t',
909 3699 936 3752 q.

149 3771 213 3826 Iam
232 3773 277 3827 ὅτι
296 3773 395 3828 πολλοί
414 3788 468 3842 pro
487 3774 595 3837 λεγεών
614 3791 660 3839 μοι
679 3775 769 3840 ὄνομα
787 3775 830 3827 ὅτι
843 3772 942 3827 πολλοί
956 3774 1039 3840 ἐσμεν
1059 3775 1119 3838 (vel
1138 3775 1235 3840 simil.)
1254 3789 1321 3830 mea

149 3864 291 3931 opinione
305 3863 408 3932 aliquo
422 3863 577 3933 scriptoris
592 3863 641 3917 vel
654 3863 846 3917 librariorum
861 3877 964 3917 errore
977 3863 1060 3933 apud
1074 3870 1210 3919 nostrum
1226 3879 1321 3918 unum

148 3950 260 4019 legitur
279 3953 350 4014 (vid.
371 3967 453 4022 supr.
474 3969 501 4023 p.
517 3952 558 4019 14,
578 3957 639 4006 not.
655 3953 689 4019 l),
718 3969 780 4006 non
800 3953 872 4022 quia
892 3967 1041 4022 nusquam
1062 3957 1163 4008 exstat
1187 3954 1243 4007 nisi
1267 3954 1321 4007 hoc

148 4039 266 4094 loco-
287 4057 419 4110 namque
440 4045 544 4112 postea
564 4043 665 4111 ἐκβάλῃ
686 4059 741 4112 pro
761 4042 913 4111 ἀποστείλῃ
939 4043 1010 4096 item
1031 4042 1113 4096 nullo
1133 4043 1165 4095 in
1190 4059 1211 4096 s.
1231 4044 1321 4113 scrip·

148 4135 237 4182 turae
257 4129 362 4185 codice
381 4132 494 4202 legitur
514 4159 546 4170 -
567 4133 618 4186 sed
638 4137 760 4204 propter
783 4147 905 4187 sensum
927 4137 957 4186 et
976 4133 1116 4186 Mercarii
1135 4146 1321 4202 responsum.

256 4219 376 4274 Deinde
394 4222 430 4274 τὰ
448 4222 577 4286 δαιμόνια
597 4223 704 4276 omisso
722 4222 816 4276 verbo
830 4222 923 4276 πάντα
941 4227 1041 4276 noster
1060 4222 1152 4276 habet
1171 4236 1238 4276 cum
1258 4236 1320 4275 uno

151 4308 218 4362 cod.
237 4307 279 4374 D,
309 4311 401 4363 ceteri
420 4315 520 4364 autem
541 4310 642 4365 Latini
665 4311 715 4365 alii
740 4312 799 4366 alio
822 4310 912 4364 modo
936 4312 1118 4380 conspirant,
1146 4326 1215 4364 nam
1238 4310 1321 4378 ,dae-

149 4395 268 4452 monia“
291 4399 416 4450 vertunt
436 4413 452 4451 e
474 4402 503 4456 et
523 4399 542 4464 i,
571 4401 625 4452 etsi
645 4399 727 4468 apud
747 4399 873 4464 Latinos
892 4400 1037 4452 usitatum
1057 4402 1103 4453 est
1122 4414 1232 4453 nomen
1253 4398 1321 4452 dae·
