3060 5086
588 237 864 304 ‚40-

196 435 333 518 denique
358 431 464 498 studio
490 431 637 498 veritatis
660 437 694 496 et
723 430 859 514 purioris
883 431 1048 515 religionis
1075 430 1242 496 adductus·
1266 431 1387 513 magis

193 543 359 626 magisque
377 539 496 605 Plotini
521 540 666 622 magistri
690 539 881 623 sapientiam
906 537 1120 623 amplectitur,
1146 537 1204 603 sed
1221 538 1384 620 quamvis

195 649 350 714 abiecerit
374 647 452 712 deos
477 646 665 712 Homericos
689 652 721 710 et
745 646 849 712 cultus
873 644 993 730 publici
1017 646 1146 710 numina
1170 646 1201 709 in
1226 652 1385 729 systema

196 757 380 840 angelorum
415 761 447 820 et
483 754 674 819 daemonum
711 755 863 818 honorum
899 753 967 820 sive
1002 753 1156 817 malorum
1194 752 1383 834 redegerit,

194 870 311 946 tomen,
337 882 555 945 quaecumque
572 881 613 925 ex
629 863 735 945 patria
752 861 906 944 religione
923 862 1043 926 servari
1069 866 1228 944 poterant,
1251 858 1383 944 grandi

194 989 271 1037 sane
295 969 411 1054 recipit
435 967 476 1034 de
500 988 603 1052 rerum
627 975 743 1033 natura
766 968 926 1032 sententia
950 987 1017 1050 sua,
1043 987 1124 1050 quae
1148 987 1182 1032 rc
1206 975 1382 1032 voratam

195 1099 293 1164 prope
327 1077 409 1142 afuit
443 1097 463 1141 a
493 1075 686 1158 Christiana,
722 1081 919 1159 quantopere
956 1075 1111 1140 ecclesiae
1148 1080 1256 1159 patres
1294 1094 1378 1139 eum

194 1184 440 1272 perhorrescunt
466 1192 498 1247 ut
529 1181 652 1247 hostem
682 1181 743 1263 dei,
781 1181 926 1248 veritatis
950 1180 1121 1247 inimicum.
1151 1219 1193 1227 -
1225 1182 1266 1245 Hi
1291 1200 1381 1246 sane

194 1292 235 1358 ad
253 1290 460 1356 iudicandum
477 1289 637 1355 hominem
654 1291 749 1355 etiam
765 1290 847 1366 illas,
869 1309 948 1373 quas
965 1289 1112 1371 diximus,
1131 1289 1377 1374 discrepantias

194 1401 424 1465 sententiarum
463 1404 688 1482 protraxerunt
731 1399 1042 1481 inconstantiamque
1082 1397 1324 1463 conclamarunt
1335 1400 1376 1478 ι),

194 1504 253 1572 sed
281 1525 322 1569 ne
350 1505 492 1572 Jacobus
517 1505 662 1589 Bernays
695 1504 824 1588 quidem
859 1525 990 1590 operam
1023 1504 1159 1586 dedit2),
1196 1512 1230 1568 ut
1262 1503 1377 1588 philo·

194 1612 326 1698 sophiae
360 1631 498 1677 amorem
532 1619 758 1695 strenuumque
794 1611 934 1679 studium
966 1613 1143 1677 litterarum
1177 1610 1374 1677 conciliaret

195 1741 266 1786 cum
291 1718 418 1784 homine
442 1720 475 1783 in
498 1719 654 1803 religione
678 1740 717 1784 ac
741 1720 945 1805 philosophia
969 1719 1225 1805 praestigiatore,
1251 1726 1288 1784 ut
1306 1720 1373 1783 ait:

197 1825 638 1909 „religios-philosophischer
674 1824 973 1910 Taschenspieler“,
1014 1834 1136 1906 contra,
1173 1844 1254 1908 quae
1290 1826 1373 1891 Por-

196 1932 329 2016 phyrius
352 1933 421 2016 ipse
446 1930 487 1997 de
510 1953 569 1999 sua
592 1933 624 1996 in
649 1933 788 1999 oraculis
812 1932 947 1998 edendis
980 1931 1047 1996 fide
1081 1931 1251 2016 profitetur
1277 1933 1372 2013 (Eus.

196 2061 307 2125 praep.
325 2059 374 2104 ev.
396 2039 451 2121 lV,
470 2041 498 2120 l,
524 2040 627 2104 Wolff
650 2061 681 2124 p.
702 2041 789 2123 109),
825 2038 1087 2124 hierophantioae
1121 2041 1150 2104 ei
1185 2040 1280 2105 vertit
1311 2040 1373 2106 im-

196 2147 379 2231 pudentiae.

300 2255 418 2320 Nostra
442 2253 570 2321 demum
594 2261 701 2320 aetate
726 2255 823 2320 aliam
848 2255 1003 2320 rationem
1028 2261 1125 2337 atque
1149 2254 1300 2320 iudicium
1325 2256 1371 2320 ad
1391 2255 1395 2264 '

193 2363 294 2426 virum
330 2362 418 2426 illum
458 2383 515 2428 suo
551 2363 684 2445 quisque
720 2362 814 2429 modo
854 2362 973 2428 afferre
1009 2372 1182 2447 coeperunt
1214 2363 1370 2430 Wolffius

193 2469 225 2548 (l.
242 2469 262 2534 l.
281 2469 359 2554 Cap.
382 2470 452 2551 ΙΙ.),
487 2470 688 2536 Boertzlerus
723 2471 756 2550 (l.
784 2471 818 2548 l.)
853 2471 1054 2552 maximeque
1089 2469 1369 2554 Wendlandius3),

194 2577 408 2659 Harnackius,
433 2576 711 2643 Wilamowitzius.
760 2579 827 2645 Nos
856 2585 972 2659 autem,
1004 2598 1074 2642 cum
1099 2577 1252 2643 iustitiam
1279 2599 1368 2644 exer-

191 2703 320 2748 ceamus
337 2683 491 2750 adversus
508 2705 589 2762 eum,
607 2705 669 2750 non
686 2683 727 2749 ad
744 2686 842 2750 finem
860 2704 939 2750 eum
957 2683 1126 2750 reddemus
1140 2683 1367 2769 Christianum,

191 2797 225 2854 ut
239 2791 407 2856 voluerunt
424 2791 553 2874 quidam
574 2792 607 2855 in
623 2793 854 2876 posterioribus
872 2793 940 2858 eius
957 2792 1046 2857 libris
1065 2793 1150 2857 velut
1173 2793 1205 2856 in
1229 2792 1366 2877 epistula

193 2897 235 2961 ad
260 2897 444 2962 Marcellam
473 2918 603 2962 uxorem
635 2897 713 2963 data
747 2899 853 2983 legere
878 2897 1096 2981 Christianat)
1122 2900 1218 2964 etiam
1243 2899 1276 2965 in
1299 2919 1366 2965 sen·

189 3075 282 3128 alium
309 3075 439 3130 fortasse
466 3074 586 3129 titulum
607 3075 741 3128 servavit
767 3077 844 3140 cept
863 3076 1014 3128 καθόδου
1034 3075 1106 3138 (scil.
1121 3081 1225 3142 ψυχῆς)
1245 3075 1362 3130 Aeneas

189 3163 327 3219 Gazaeus
347 3167 378 3220 in
397 3165 605 3233 Theophrasto
625 3179 680 3218 suo
703 3167 742 3232 (p.
756 3162 789 3217 51
804 3164 918 3227 Boiss.).
956 3163 1005 3218 Sic
1026 3166 1103 3218 enim
1125 3182 1143 3219 a
1162 3163 1360 3220 Wendlandio

187 3255 332 3323 magistro
353 3255 508 3308 emendari
528 3254 597 3322 scio,
618 3268 697 3322 quae
716 3254 860 3322 leguntur
890 3253 1037 3320 ἐπιγράφει
1063 3256 1094 3308 δέ
1123 3255 1195 3309 καθ’
1222 3257 1301 3311 ὅλου
1329 3255 1362 3309 τὸ

189 3343 299 3408 βιβλίον,
319 3343 334 3395 ὃ
355 3342 393 3406 εἰς
413 3343 498 3408 μέσον
518 3343 635 3409 προάγει
654 3347 714 3395 τῶν
734 3340 880 3396 Χαλδαίων
894 3345 930 3396 τὰ
948 3344 1037 3410 λόγια,
1059 3350 1150 3412 recte,
1174 3347 1291 3414 opinor,
1311 3345 1364 3400 etsi

189 3432 227 3485 ab
256 3431 465 3486 emendatione
492 3445 557 3484 sese
587 3431 743 3486 continere
773 3432 867 3486 satius
888 3447 954 3486 esse
974 3432 1089 3486 iudicat
1109 3432 1188 3488 Guil.
1209 3434 1300 3501 Kroll,
1320 3434 1365 3488 De

189 3521 318 3574 oraculis
339 3519 507 3575 Chaldaicis
527 3520 696 3588 (Breslauer
716 3520 863 3590 Philolog.
883 3521 1036 3592 Abhdlgu.
1058 3522 1113 3577 Vll
1132 3523 1224 3591 (1894)
1245 3541 1273 3593 p.
1287 3525 1312 3577 6.

295 3611 321 3679 1)
342 3611 407 3665 Vid.
421 3609 583 3680 Augustin.
598 3610 635 3665 de
650 3612 705 3665 civ.
719 3611 777 3666 Dei
790 3611 818 3666 X
831 3612 848 3665 9
868 3613 1038 3682 ceterisque
1057 3615 1088 3667 in
1108 3615 1173 3668 eius
1193 3614 1261 3667 libri
1277 3629 1363 3683 capp.

294 3699 321 3768 2)
341 3698 654 3770 Gesamm.Abhdlgn.
668 3701 809 3772 1112286,
830 3717 889 3770 quo
904 3703 970 3756 loco
985 3703 1208 3758 indicatWolfii
1221 3703 1363 3757 libellum.

293 3790 320 3855 3)
340 3791 373 3844 In
393 3791 606 3860 disputatione,
626 3791 676 3846 cui
704 3796 748 3846 est
771 3792 876 3846 titulus
898 3790 1116 3860 ,Christentum
1135 3793 1199 3846 und
1219 3791 1363 3846 Hellenis-

187 3877 268 3934 mus“
292 3879 374 3934 edita
392 3881 423 3933 in
445 3879 545 3948 ,Neue
565 3879 667 3935 Jahrb.
688 3883 707 3934 f.
728 3881 755 3934 d.
775 3881 865 3936 klass.
885 3873 1051 3936 Altert'um“
1074 3882 1152 3949 1902,
1171 3898 1198 3951 p.
1214 3881 1256 3935 12.

200 4017 201 4021 ,
293 3969 320 4033 4)
341 3969 424 4026 Sicut
453 3971 550 4024 voluit
578 3969 752 4026 Kleffnerus
781 3971 812 4024 in
839 3971 940 4026 libello
973 3971 1173 4041 ,Porphyrius
1203 3971 1256 4025 der
1285 3970 1363 4027 Neu·

186 4058 358 4128 platoniker
377 4059 441 4112 und
455 4058 691 4115 Christenfeind“
707 4060 897 4126 (Paderborn
908 4061 998 4130 1896),
1018 4061 1071 4116 sed
1092 4060 1240 4128 conferas,
1262 4061 1362 4126 velim,

186 4147 428 4216 Wendlandium,
458 4151 510 4218 qui
539 4151 649 4206 acriter
679 4151 743 4204 eius
772 4151 835 4219 egit
864 4166 1021 4205 censuram
1049 4151 1080 4203 in
1108 4149 1201 4217 „Berl
1222 4151 1361 4221 philolog.

186 4237 414 4292 Wochenschr.“
431 4239 508 4307 1898,
528 4255 571 4292 nr.
586 4239 628 4306 37,
648 4256 676 4308 p.
690 4239 838 4293 1128-31.
860 4270 891 4278 -
912 4239 974 4295 Nec
994 4255 1067 4294 vero
1090 4240 1177 4295 nobis
1198 4243 1362 4310 quicquam

186 4342 224 4381 ex
254 4342 289 4381 eo
310 4327 394 4383 libro
423 4329 587 4398 petendum
616 4329 681 4396 fnit,
711 4343 764 4382 cnr
792 4331 929 4399 pluribus
959 4344 1027 4384 eum
1057 4345 1362 4386 commemoraremus

187 4417 298 4471 verbis.
