3060 5086
708 346 741 355 -
778 313 885 368 42·-

213 494 261 560 dit
278 495 392 562 librum
408 495 555 562 Danielis
580 496 790 580 compositum
815 515 887 562 esse
903 517 923 560 a
940 492 1088 577 quodam,
1113 493 1169 577 qui
1187 495 1398 578 temporibus
1511 515 1512 570 1

210 603 362 670 Antiochi
395 605 572 690 Epiphanis
605 604 720 670 fuisset
750 605 783 668 in
816 602 947 679 Iudaea,
984 608 1016 668 et
1049 622 1113 668 non
1146 608 1211 666 tam
1246 607 1397 667 ventura
1511 683 1512 706 Χ

210 710 411 796 praedixisse
433 712 602 777 Danielem
627 730 722 794 quam
755 710 842 775 illum
876 730 1024 776 narrasse
1057 709 1245 794 praeterita,
1279 717 1313 774 ut
1337 708 1396 774 ait
1511 715 1512 764 l

209 820 424 905 Hieronymus
447 823 480 886 in
503 821 667 905 prooemio
692 825 898 886 commentar.
922 819 955 883 in
981 818 1105 885 Daniel.
1118 821 1153 899 ¹).

317 927 388 1006 Qua
404 948 479 993 vero
496 927 694 1012 Porphyrius
718 927 843 992 ratione
866 926 1059 1011 processerit
1082 925 1124 990 ad
1149 922 1397 1010 oppugnandos

212 1035 338 1118 aliquos
371 1034 582 1118 adversarios,
619 1035 700 1100 bene
724 1035 900 1100 illustratur
925 1035 980 1100 vit.
998 1033 1118 1099 Plotini
1142 1053 1213 1118 cap.
1233 1033 1296 1114 16.,
1322 1051 1397 1114 quo

210 1141 372 1209 Gnosticis
396 1160 430 1208 se
455 1142 617 1209 aPlotino
641 1144 762 1209 iussum
786 1141 930 1207 refellere
954 1147 1063 1206 narrat
1086 1140 1212 1222 librum,
1249 1159 1311 1223 quo
1336 1139 1395 1203 illi

210 1249 340 1333 gloriati
368 1250 431 1315 sint
465 1250 556 1332 quasi
581 1250 742 1315 Zoroastri
775 1249 876 1334 ipsius
909 1249 1109 1333 apocalypsi,
1145 1247 1255 1313 multis
1290 1267 1396 1330 argu·

209 1355 326 1422 mentis
360 1357 496 1422 evicisse
524 1357 614 1435 ὅπως
642 1357 742 1422 νόθον
773 1357 883 1423 τεκαὶ
907 1356 983 1420 νέον
1007 1356 1239 1434 πεπλασμένον
1263 1375 1297 1418 τε
1321 1354 1397 1418 ὑπὸ

209 1468 274 1529 τῶν
298 1466 357 1543 τὴν
382 1464 506 1544 αἵρεσιν
530 1465 789 1543 συστησαμένων
814 1463 858 1542 εἰς
884 1463 982 1530 δόξαν
998 1466 1056 1526 τοῦ
1073 1461 1154 1527 εἶναι
1171 1466 1228 1526 τοῦ
1246 1465 1397 1526 παλαιοῦ
1511 1537 1512 1548 ,

209 1571 433 1651 Ζωροάστρου
457 1572 496 1635 τὰ
520 1572 673 1652 δόγματα,
708 1571 844 1636 ἃαύτολ
873 1570 1000 1635 εἵλοντο
1034 1569 1235 1649 πρεσβεύειν.
1283 1567 1398 1632 Simili
1511 1557 1512 1594 l

210 1684 318 1743 autern
343 1675 468 1744 ratione
492 1699 563 1744 eum
588 1678 742 1744 adversus
766 1677 966 1744 Christianos
989 1697 1081 1744 usum
1106 1697 1176 1742 esse
1201 1675 1397 1762 putabimus

210 1791 307 1850 etex
337 1786 458 1870 paucis,
496 1805 577 1868 quae
611 1785 796 1851 Holstenius
830 1785 863 1866 (l.
881 1785 901 1850 l.
918 1806 950 1870 p.
967 1785 1010 1874 59
1024 1785 1107 1867 sqq.)
1144 1784 1261 1866 attulit,
1297 1784 1395 1848 lesti-

213 1893 327 1959 moniis
352 1894 503 1976 cognosci
526 1900 631 1978 potest
649 1913 720 1958 eum
736 1891 963 1977 infringendae
979 1890 1145 1958 autoritati
1163 1911 1187 1959 s.
1205 1890 1394 1975 scripturae

209 2000 348 2065 maxime
373 2020 502 2084 operam
532 1999 706 2083 dedisse²)‚
743 2019 813 2067 cum
850 2001 1045 2066 obtrectaret
1083 1999 1223 2065 moribus
1259 2005 1395 2083 aposto·

210 2106 322 2182 lorum,
340 2107 394 2190 qui
412 2129 482 2172 eam
501 2108 775 2192 conscripsissent,
798 2127 837 2172 ac
854 2106 1063 2172 multifariam
1081 2105 1265 2172 ostenderet
1289 2087 1395 2171 libros

211 2233 320 2278 sacros
344 2213 378 2278 id
402 2235 464 2280 non
488 2221 664 2299 praestare,
690 2213 775 2297 quod
799 2215 999 2294 nuntiarent3
1023 2234 1096 2278 nam
1121 2212 1206 2296 quod
1231 2212 1271 2277 de
1288 2213 1393 2277 Dani-

211 2321 269 2385 elis
285 2320 366 2386 libro
383 2341 454 2386 eum
472 2321 650 2388 ostendisse
667 2323 888 2407 comperimus,
913 2320 946 2386 id
971 2341 1041 2386 eum
1065 2323 1098 2386 in
1126 2320 1225 2400 libris,
1255 2319 1296 2384 de
1320 2321 1392 2402 qui·

209 2428 269 2493 hus
292 2427 371 2492 nihil
401 2428 494 2494 nobis
523 2428 674 2493 traditum
698 2434 756 2506 est,
786 2428 908 2494 V-XI
937 2429 1086 2505 similiter
1110 2427 1152 2492 de
1184 2427 1257 2492 aliis
1290 2428 1391 2491 etiam

125 2567 126 2571 ¹
209 2534 293 2602 Novi
307 2535 506 2600 Testamenti
523 2536 652 2619 scriptis
668 2535 886 2601 demonstrare
904 2541 1052 2601 conatum
1069 2554 1140 2600 esse
1155 2534 1267 2620 procul
1288 2533 1390 2599 dubio

210 2651 268 2707 est.
316 2642 411 2708 Certe
435 2641 657 2709 Theodoretus
681 2643 825 2727 Cyrenus
858 2643 1025 2727 plurimum
1059 2662 1130 2708 eum
1164 2641 1318 2725 temporis
1347 2641 1390 2706 iis

210 2749 300 2816 libris
325 2749 471 2832 legendis
495 2751 684 2816 contrivisse
709 2757 822 2815 auctor
846 2753 939 2830 est).

319 2856 435 2922 Omnia
468 2856 554 2943 apud
588 2859 805 2923 Macarianum
834 2857 1060 2943 philosophum
1086 2857 1271 2942 reperimus.
1317 2845 1388 2922 ¹Co-

213 2964 328 3047 gnovit
352 2964 610 3030 adversariorum
636 2966 747 3042 vitam,
771 2984 886 3047 mores,
912 2964 1072 3047 historias,
1096 2965 1225 3030 intimas
1249 2964 1386 3046 denique

209 3091 260 3136 res
277 3073 364 3137 velut
382 3071 606 3156 episcoporum
623 3079 656 3137 et
669 3073 928 3156 presbyterorum
944 3071 1132 3137 electionem
1146 3073 1190 3155 (p.
1204 3071 1258 3152 96,
1268 3071 1382 3152 4sqq.;

213 3178 267 3260 97,
284 3179 329 3261 6),
354 3180 496 3261 virgines
521 3181 672 3244 castitate
695 3179 871 3262 gloriantes
889 3178 978 3261 (131,
996 3179 1120 3260 lsqq.)‚
1145 3178 1293 3243 mulieres
1308 3175 1381 3240 lihe-

209 3286 340 3351 ralitate
374 3285 416 3351 ad
450 3291 627 3369 egestatem
661 3286 776 3352 ductas
810 3286 876 3373 (58,
897 3286 962 3368 ll),
998 3284 1099 3350 Paulo
1125 3284 1285 3366 Petroque
1313 3303 1383 3368 sup·
1428 3326 1430 3332 ν

210 3392 342 3476 plicium
359 3392 483 3458 Romae
504 3392 661 3473 illatum4)
682 3393 770 3476 (162,
788 3393 830 3476 3),
856 3393 1047 3459 ludaeorum
1064 3392 1116 3457 vel
1133 3391 1385 3457 Christianorum

210 3498 250 3564 de
275 3501 356 3565 Esra
383 3500 508 3568 Veteris
538 3501 737 3566 Testamenti
770 3500 955 3566 restitutore
990 3498 1190 3565 narrationes
1215 3501 1258 3584 (p.
1276 3499 1333 3579 54)
1343 3499 1385 3581 ⁵);

317 3677 344 3738 1)
364 3677 398 3730 Ια
418 3677 511 3747 Mign.
531 3677 680 3747 patrolog.
699 3676 765 3731 Lat.
786 3683 853 3731 tom.
868 3675 910 3745 25,
930 3693 957 3745 p.
973 3675 1033 3729 494.

316 3766 344 3833 2)
365 3765 407 3821 Cf.
427 3767 536 3820 Euseb.
556 3767 623 3820 hist.
644 3767 713 3821 eccl.
733 3766 773 3820 Vl
788 3766 821 3819 19
834 3765 864 3819 2:
885 3765 1087 3832 συγγράμματα
1108 3765 1168 3819 καθ’
1188 3761 1271 3832 ἡμῶν
1290 3767 1388 3832 ένστη·

210 3855 329 3920 σάμενος
349 3858 392 3910 καὶ
413 3855 446 3908 δι’
467 3857 561 3910 αὐτῶν
580 3857 631 3920 τὰς
650 3855 725 3919 θείας
744 3856 856 3923 γραφὰς
875 3856 1031 3920 διαβάλλειν
1050 3857 1262 3922 πεπειραμένος.

316 3947 343 4012 3)
364 3944 471 4000 Graec.
491 3946 590 4002 effect.
612 3950 706 3999 curat.
718 3944 773 3999 VII
792 3961 820 4013 p.
833 3944 886 3998 893
906 3942 1302 4012 Schulze(ed.Hal.1772):
1323 3945 1387 3997 τού-

210 4051 269 4099 τοις
288 4035 359 4102 (scil.
380 4036 462 4088 libris
482 4035 587 4102 sacris)
607 4035 728 4101 ἀκριβῶς
748 4035 873 4099 ἐντυχὼν
893 4035 908 4086 ὸ
927 4033 1106 4102 Πορφύριος’
1126 4035 1199 4096 μάλα
1218 4036 1272 4101 γὰρ
1292 4035 1387 4097 αὐτοῖς

211 4125 367 4192 ένδιέτριψε
385 4127 438 4191 τήν
459 4125 520 4179 καθ’
540 4127 621 4191 ἡμῶν
640 4125 768 4191 τορεύων
785 4125 899 4192 γραφήν
919 4127 976 4178 κτλ.

316 4215 344 4281 4)
364 4214 469 4284 Neque
489 4216 577 4283 enim,
597 4229 664 4268 oum
694 4214 791 4268 solum
809 4215 867 4269 hoc
887 4214 925 4268 sit
947 4215 1011 4268 eius
1033 4213 1139 4282 capitis
1160 4218 1383 4283 argumentum,

143 4357 144 4360 ,
210 4305 267 4372 ipsi
287 4304 462 4358 adversario
483 4303 720 4357 abiudicandum
745 4309 917 4372 estusque
940 4301 1002 4356 ulla
1022 4302 1111 4356 datur
1131 4289 1231 4370 causa,
1252 4318 1306 4357 cur
1325 4303 1386 4356 Ma·

212 4395 292 4460 cario
313 4393 344 4445 id
364 4393 572 4463 adsignemus.
589 4401 590 4406 ’

317 4482 345 4552 5)
367 4482 411 4537 De
431 4483 488 4538 hoe
508 4483 607 4551 capite
627 4497 720 4552 supra
741 4481 871 4536 diximus
891 4499 918 4551 p.
932 4480 1017 4550 26sq.
