3060 5086
693 269 849 322 ..6-

186 449 351 528 scientiam
376 450 407 513 in
437 449 622 533 regionibus
646 447 780 514 Graecis
803 468 867 512 non
896 453 972 514 ante
1003 436 1216 519 indrebruisse
1246 449 1356 514 existi-

186 556 353 638 mabimus,
371 576 466 639 quam
478 558 688 641 imperatores
701 555 837 622 Romani
850 555 1128 641 Constantinopoli
1142 555 1355 622 consederunt

186 663 294 746 ibique
329 663 435 729 aulam
471 683 561 729 suam
597 664 734 729 Latinae
769 683 895 746 quoque
932 664 1135 746 eloquentiae
1172 663 1356 729 doctoribus

189 789 303 836 ornare
327 773 546 856 coeperunt¹),
570 771 591 836 i.
609 791 637 836 e.
661 776 814 854 vergente
838 790 924 835 saec.
943 771 998 835 IV.

296 878 364 942 Iam
388 879 487 961 igitur
510 877 572 943 hac
596 896 722 960 quoque
746 879 871 942 ratione
894 875 937 942 ad
960 876 1046 943 idem
1071 884 1197 963 tempus
1226 876 1355 942 adduci·
1466 957 1469 964 Ι

187 1005 266 1070 mur,
301 984 386 1068 quod
419 1004 516 1069 supra
544 983 710 1049 docuimus
738 1005 757 1048 a
786 985 862 1049 viris
895 982 1000 1050 doctis
1029 985 1171 1050 Macerio
1204 990 1356 1050 statutum

188 1111 273 1172 esse;
303 1111 364 1157 nec
397 1096 588 1176 repugnant,
626 1110 708 1173 quae
743 1091 950 1157 observamus
983 1091 1061 1157 alia:
1098 1091 1211 1156 intima
1243 1091 1358 1156 notitia

189 1197 372 1265 dominatus
395 1199 477 1283 regii
500 1218 668 1281 rerumque
692 1199 913 1283 aulicaruml),
939 1198 1074 1265 historia
1096 1199 1152 1264 illa
1176 1199 1356 1285 potentIssi·

187 1327 309 1372 morum
334 1306 494 1371 hominum
511 1306 642 1371 summis
660 1306 845 1372 criminibus
862 1307 1081 1390 obnoxiorum,
1107 1307 1160 1389 qui
1178 1304 1357 1372 calliditate

188 1434 227 1479 ac
243 1413 444 1478 simulatione
461 1433 495 1478 se
512 1412 679 1494 servarint,
697 1434 716 1478 a
732 1414 875 1479 Macario
892 1420 986 1479 caute
1003 1412 1193 1478 adumbrata
1209 1414 1251 1496 (ρ.
1267 1413 1357 1493 208),

189 1541 270 1604 quae
295 1540 423 1605 prorsus
447 1519 585 1603 quadrat
609 1521 643 1584 in
659 1519 835 1588 Theodosii
852 1523 1042 1606 regnum³),·
1059 1521 1194 1586 scientia
1218 1519 1357 1604 denique

189 1629 396 1694 barbarorum
430 1628 514 1694 fines
547 1629 690 1712 imperii·
707 1629 947 1694 sollicitantium
979 1627 1120 1710 (76,16;
1148 1629 1222 1712 132,
1240 1629 1357 1711 sqq.)4>

187 1742 243 1801 aut
275 1737 306 1800 in
342 1734 450 1818 aliqua
492 1735 556 1799 iam
592 1735 720 1820 imperii
754 1737 921 1820 provincia
957 1735 1185 1800 collocatorum
1220 1734 1287 1818 (57,
1315 1737 1357 1816 1).

188 1842 326 1906 Maxime
362 1848 468 1907 autem
504 1841 744 1909 animadvertas
779 1863 830 1908 res
866 1842 1117 1908 ecclesiasticas:
1155 1861 1214 1906 nec
1249 1846 1357 1906 tamen

84 2005 88 2012 a
187 1949 281 2014 nimis
305 1948 511 2032 quaesiveris,
544 1970 618 2015 num
643 1972 674 2034 p.
692 1951 712 2014 6
730 1951 797 2015 eti
831 1956 1006 2034 martyrum
1037 1956 1126 2014 aetas
1156 1950 1357 2033 praeterisse,

189 2071 300 2122 contra
316 2062 497 2122 ascetarum
514 2056 711 2123 consuetudo
729 2074 928 2141 summopere
944 2054 1092 2121 videatur
1116 2055 1275 2138 vige1·e⁵);
1300 2054 1358 2122 sed

188 2302 227 2342 ex
247 2287 348 2356 aliquo
368 2288 455 2342 fonte
474 2287 609 2342 Romano
629 2289 755 2343 fluxisse
775 2289 944 2358 suspicatus
964 2289 1013 2354 sis,
1040 2301 1102 2342 non
1126 2270 1220 2342 hahes
1239 2303 1287 2342 me
1307 2287 1359 2342 ad-

189 2378 368 2432 sentientem
387 2381 559 2447 propterea,
579 2377 660 2447 quod
679 2378 841 2431 manifesto
863 2392 900 2431 ea
920 2379 1057 2446 sequitur
1070 2378 1180 2432 Euseb.
1200 2377 1268 2432 hist.
1288 2376 1358 2432 eccl.

179 2467 202 2521 -I
221 2467 246 2535 6,
259 2467 350 2536 hsqq'.
371 2496 403 2506 —
425 2465 565 2522 Ceterum
584 2467 706 2521 minime
724 2467 812 2521 nobis
831 2472 984 2536 repugnat
1003 2469 1061 2522 ista
1081 2468 1192 2538 opinio,
1213 2467 1284 2536 quia
1303 2465 1359 2520 La·

188 2558 271 2611 tinae
288 2557 412 2626 linguae
432 2572 506 2611 sane
526 2557 650 2626 peritior
670 2561 722 2624 est,
743 2558 795 2625 qui
813 2557 930 2612 Latinis
949 2559 1044 2611 utitur
1063 2558 1248 2612 auctoribus.

296 2646 323 2711 1)
343 2645 432 2700 Velut
451 2661 494 2700 ca.
515 2661 542 2700 a.
555 2646 608 2700 360
628 2644 781 2701 Charisius
801 2661 839 2700 ex
858 2644 964 2700 Africa
983 2648 1145 2701 arcessitus
1165 2651 1218 2715 est,
1245 2647 1270 2701 si
1291 2661 1359 2701 cum

189 2735 325 2791 Usenero
350 2735 414 2799 (Rh.
434 2736 508 2789 Mus.
528 2734 630 2789 XXIII
648 2734 712 2800 492)
737 2735 774 2790 de
793 2735 842 2789 illo
860 2737 1058 2805 grammatico
1082 2736 1249 2806 intellegas
1279 2735 1359 2805 quod

189 2823 391 2893 Hieronymus
415 2827 446 2879 in
465 2825 574 2879 Euseb.
598 2825 729 2879 chronic.
752 2827 968 2880 retractatione
992 2825 1031 2879 ad
1055 2841 1169 2880 annum
1191 2825 1244 2881 358
1268 2826 1359 2881 adno-

188 2915 265 2968 tavit
284 2912 511 2969 CHARIS'I’VM
529 2914 560 2967 in
579 2913 723 2968 Euanthii
748 2915 845 2968 Iocum
866 2929 904 2968 ex
923 2913 1026 2968 Airica
1047 2913 1175 2985 Ctpolim
1194 2916 1359 2970 adductum

189 3019 255 3059 esse
279 3005 407 3058 Latinae
435 3006 560 3074 linguas
589 3004 757 3073 doctorem3
786 3005 959 3058 PrIscianus
988 3020 1069 3072 vero,
1099 3021 1189 3075 quern
1207 3007 1359 3060 rhetorem

189 3093 336 3148 Libanius
355 3096 477 3163 saepius
496 3096 528 3148 in
548 3093 684 3163 epistulis
703 3093 808 3148 laudat
836 3095 884 3160 (ci.
904 3095 1018 3148 indices
1036 3095 1175 3150 editionis
1189 3095 1360 3149 Wolfianae

190 3183 259 3236 edit.
270 3181 484 3238 Amstslodam.
496 3183 576 3249 1738)
596 3188 629 3237 ut
649 3183 707 3237 sibi
719 3183 994 3251 familiarissimum,
1013 3200 1054 3238 an
1072 3185 1160 3239 simili
1179 3185 1303 3238 iunctus
1322 3185 1359 3237 sit

189 3287 323 3341 munere,
342 3273 453 3328 nescio.
932 3308 936 3313 -

295 3361 324 3430 2)
344 3361 387 3417 Cf.
414 3362 585 3430 exemplum
614 3361 652 3416 de
680 3363 766 3431 equis
794 3363 886 3432 regiis
914 3369 1068 3432 sumptum
1097 3364 1136 3432 (p.
1156 3362 1218 3429 225,
1237 3362 1272 3416 25
1287 3378 1360 3432 sqq„

189 3452 321 3505 maxime
342 3468 370 3505 v.
381 3451 429 3516 31:
448 3450 556 3517 ἱστορία
574 3453 728 3505 ταῦτακαὶ
747 3437 921 3518 πραγμάτων
941 3454 1067 3520 ἐναργῶν
1087 3453 1229 3521 ἀφήγησις
1243 3453 1359 3519 ἀληθής)

189 3546 219 3595 et
237 3541 357 3594 titulum
377 3541 517 3606 αὐλάρχου
537 3540 627 3595 Petro
648 3541 785 3596 additum
805 3542 876 3610 (117,
892 3542 928 3609 5).
1400 3559 1402 3563 ·

296 3629 323 3688 3)
344 3628 375 3685 Si
399 3631 537 3684 conferre
560 3630 653 3698 Iubet,
682 3646 761 3699 quae
781 3631 916 3686 Zosimus
941 3633 973 3685 in
997 3631 1073 3686 Nov.
1092 3632 1200 3687 Histor.
1221 3631 1258 3684 de
1280 3630 1360 3684 illius

189 3721 383 3789 imperatoris
400 3719 536 3774 moribus
554 3722 661 3774 narrat
679 3720 729 3776 lib.
749 3720 789 3775 IV
809 3736 833 3774 c.
852 3721 887 3775 27
898 3736 962 3790 sqq.
982 3721 1031 3774 vel
1052 3721 1089 3776 de
1108 3720 1210 3775 Rufini
1235 3721 1360 3773 familia·

189 3810 297 3864 nissimi
319 3811 384 3864 eius
403 3809 567 3864 sceleribus
586 3810 711 3890 impune
731 3811 895 3864 commissis
915 3826 939 3866 c.
953 3808 985 3864 51
998 3825 1040 3879 sq.
1082 3843 1085 3848 -

295 3900 324 3966 4)
344 3897 565 3954 Germanorum
584 3915 658 3971 sane
677 3905 785 3970 gentes
799 3905 923 3969 spectat,
943 3914 1022 3968 qnae
1041 3898 1113 3953 inde
1134 3900 1171 3953 ab
1191 3900 1276 3954 exitu
1295 3914 1360 3954 sae·

190 3988 250 4042 culi
269 3987 309 4043 IV
328 3989 516 4044 incursiones
534 3991 635 4045 facere
655 3995 831 4060 coeperunt3
852 3995 913 4044 tam
933 3989 1086 4044 cotidiana
1105 3994 1206 4044 autem
1226 3990 1359 4044 Macerio

189 4093 247 4132 res·
262 4083 316 4146 est,
344 4083 378 4132 ut
406 4079 454 4133 vel
481 4080 520 4136 ad
546 4080 704 4149 quodlibet
730 4079 901 4148 exemplum
927 4079 1160 4148 grammaticum
1185 4080 1308 4133 barbari
1333 4081 1359 4134 ei
1423 4068 1425 4073 ’

190 4171 311 4236 praesto
331 4169 389 4223 sint
409 4169 468 4224 l.l.:
489 4169 597 4236 λέγεται
616 4171 647 4225 δὲ
667 4172 712 4223 καὶ
732 4171 824 4232 ἄλλως
843 4170 874 4222 ἐκ
893 4168 1042 4235 συνηθείας
1056 4169 1163 4239 ,ἑνικῶς
1181 4171 1214 4223 τὸ
1239 4173 1359 4236 πληθυν-

189 4257 282 4310 τικόν·
302 4258 465 4326 ἀπήντησεν
485 4261 500 4314 ὁ
520 4261 657 4327 βάρβαρος
675 4263 717 4327 τῷ
738 4261 843 4324 βασιλεῖ
862 4258 924 4312 ἀντί
942 4263 994 4312 τοῦ
1013 4258 1040 4312 oi
1057 4259 1189 4326 βάρβαροι
1208 4260 1225 4324 ἢ
1245 4260 1278 4312 τὸ
1299 4260 1360 4325 βάρ-

191 4350 275 4414 βαρον
296 4349 383 4414 ἔθνος.

297 4438 325 4502 b)
345 4437 424 4493 Nihil
444 4442 544 4493 autem
563 4437 666 4492 valent
685 4437 724 4490 ad
743 4441 862 4507 tempus
881 4437 1152 4505 determinandum,
1179 4451 1258 4507 quae
1277 4441 1360 4490 nota-
