3060 5086
710 266 885 320 ..24-

318 448 429 514 Pauca
452 467 532 513 sane
557 465 597 511 ex
621 447 729 532 multis
752 446 846 513 huius
862 448 977 532 eapitis
993 448 1100 513 verbis
1115 448 1178 532 ipsi
1196 445 1403 512 adversario

213 549 413 632 reliquimus:
437 550 484 615 rei
509 549 754 632 expositionem,
780 551 940 615 concisam
956 549 1087 634 lateptis
1103 549 1242 614 Iniuriae
1262 547 1404 613 demon·

212 655 408 736 strationem,
443 675 506 738 qua
535 656 671 739 probata
701 662 802 720 totam
832 654 996 721 historiam
1030 655 1144 721 falsam
1178 675 1253 720 esse
1290 663 1404 721 osten-

214 761 319 838 datur,
353 761 543 846 appendieIs
576 762 647 828 loco
671 763 801 827 brevem
831 761 1071 827 cavillationem
1105 761 1285 827 Iocularem
1294 782 1303 844 ;
1340 760 1404 827 sed

217 871 287 953 quis
323 877 383 947 est,
427 871 478 953 qui
514 869 674 935 infitietur
708 870 789 936 haec
824 871 923 935 multo
959 871 1110 936 maiorem
1143 871 1207 936 vim
1238 870 1404 936 habitura

213 977 312 1042 inisse
344 997 438 1059 quam
463 997 639 1044 sermonem
664 977 824 1061 inflatum,
857 998 951 1061 quem
975 997 1016 1043 ex
1044 978 1094 1045 his
1118 979 1286 1044 Macarius
1324 997 1403 1044 con·

184 1084 374 1150 'formavit
404 1123 436 1131 -

320 1192 392 1260 Non
415 1212 541 1278 semper
565 1197 630 1258 tam
655 1192 737 1258 bone
770 1191 974 1260 adversarius
1002 1212 1043 1258 ox
1075 1192 1257 1258 involucris
1286 1192 1403 1258 Maca·

213 1300 311 1364 rianis
335 1307 514 1383 exsecatur,
539 1301 595 1366 sed
620 1300 720 1365 multa
744 1307 816 1366 sunt
840 1301 960 1386 capita,
989 1320 1072 1383 quae
1096 1300 1245 1366 similiter
1272 1298 1401 1365 dilata·

214 1408 297 1472 visse
310 1406 438 1472 videtur
451 1407 610 1474 Macarius
626 1406 790 1490 redactor3
808 1408 973 1492 inspicias,
990 1408 1096 1485 velim,
1110 1408 1130 1474 l.
1146 1409 1178 1472 ll
1191 1426 1291 1492 capp.
1301 1407 1401 1487 XIV,

214 1513 291 1591 XV;
317 1514 338 1578 l.
355 1515 405 1579 III
430 1535 524 1599 capp.
542 1515 613 1598 XV,
644 1515 736 1598 XIX,
766 1515 874 1598 XXX,
903 1515 1034 1594 XXXI,
1063 1515 1084 1579 l.
1102 1514 1147 1578 IV
1172 1535 1268 1600 capp.
1298 1515 1326 1598 l,
1354 1514 1400 1594 II,

215 1621 296 1685 XIX
321 1622 361 1686 al.
409 1623 446 1688 In
471 1621 596 1705 quibus,
633 1622 687 1688 ubi
711 1623 776 1688 stili
801 1622 1006 1706 differentiis,
1044 1623 1153 1705 quales
1183 1620 1401 1687 adumbravi·

214 1747 282 1793 mu
292 1731 327 1812 1),
352 1730 508 1814 suspicari
535 1732 690 1815 coeperis,
715 1727 815 1797 mulia
838 1731 993 1813 Invenies,
1018 1749 1100 1812 quae
1124 1749 1181 1794 seu
1205 1734 1400 1814 repugnent
1509 1732 1510 1736 ’

214 1834 408 1920 philosopho
436 1857 492 1902 seo
523 1837 619 1904 nimis
653 1843 830 1921 congruant
863 1837 1012 1921 scriptori
1045 1835 1238 1902 Christiano.
1290 1836 1401 1901 Plane

216 1940 269 2006 hic
292 1942 358 2007 illic
382 1944 529 2032 turbatur
552 1943 729 2010 adversarii
745 1945 982 2024 ratiocinatioi)
999 1942 1051 2008 vel
1066 1943 1278 2028 proferuntur
1298 1963 1399 2026 argu·

215 2055 322 2113 menta
347 2049 418 2116 aliis
442 2050 510 2114 eius
533 2049 701 2115 sententiis
726 2048 886 2113 contraria
895 2051 919 2129 ί)
953 2050 1021 2114 sive
1051 2049 1119 2114 eius
1148 2049 1248 2115 aetati
1275 2068 1398 2134 parum

216 2157 341 2238 aptam
379 2156 455 2238 quin
488 2156 586 2221 etiam
619 2156 651 2220 in
685 2154 797 2220 eodem
830 2155 937 2240 capite
966 2154 1080 2222 eadem
1110 2175 1161 2221 res
1185 2156 1227 2223 ab
1250 2162 1396 2239 utroque

325 2292 349 2361 l)
369 2291 526 2362 Ampullas
545 2307 618 2347 sane
636 2294 801 2347 rhetoricas
825 2295 939 2348 sentias
960 2295 1058 2363 magis
1084 2295 1115 2347 in
1139 2294 1270 2363 legendo
1297 2310 1395 2364 quam

215 2382 315 2436 notari
334 2387 469 2451 possunt,
488 2382 541 2436 sed
561 2383 721 2436 manifesto
740 2382 894 2438 interdum
914 2383 1036 2452 singula
1050 2383 1145 2438 verba
1165 2384 1330 2438 abhorrent
1352 2385 1394 2437 ab

215 2470 384 2526 adversarii
399 2486 458 2525 usu
472 2473 615 2541 loquendi
630 2473 714 2528 velut
733 2489 761 2542 p.
776 2473 819 2542 23,
832 2473 849 2527 3
867 2474 898 2526 iu
919 2473 1089 2542 philosophi
1106 2479 1186 2527 certe
1201 2475 1398 2542 argumentis.

216 2561 327 2630 legitur
356 2561 554 2630 ἐμφανίζεται
578 2562 704 2631 Πιλάτῳ,
733 2569 839 2631 postea
867 2563 898 2615 in
927 2563 1077 2616 sententia
1105 2563 1171 2616 aliis
1200 2577 1323 2631 quoque
1353 2563 1393 2616 de

217 2652 316 2705 causis
335 2657 477 2721 suspecta
496 2657 536 2716 (v.
550 2651 594 2716 14)
615 2656 743 2720 apparet
760 2667 858 2718 genus
874 2652 1022 2705 activum:
1042 2649 1066 2704 εί
1084 2653 1138 2718 γὰρ
1158 2652 1195 2715 ἠν
1213 2651 1392 2720 ἐμφανίσας

217 2741 294 2795 sicut
314 2742 464 2795 Macarius
483 2742 514 2794 in
532 2741 730 2810 responsione
749 2740 864 2793 scribit:
894 2739 1051 2806 ἐμφανίζει
1069 2741 1176 2806 γυναιξί
1196 2741 1250 2808 (35,
1263 2742 1310 2806 21)
1332 2755 1392 2794 nec

216 2844 277 2883 non
298 2846 324 2898 p.
336 2831 379 2895 84,
390 2831 419 2885 5:
439 2833 540 2895 νυκτὸς
555 2831 651 2893 αὐτοῖς
663 2830 855 2897 ἐνεφάνισεν.
876 2858 909 2867 -
929 2829 1004 2885 Item
1018 2846 1045 2900 p.
1057 2830 1117 2898 204,
1129 2831 1163 2904 26
1177 2832 1278 2886 aoristi
1291 2832 1392 2885 forma

217 2919 375 2986 ἁμαρτῆσαι
395 2920 477 2988 apud
500 2919 709 2990 philosophum
733 2918 856 2972 videtur
880 2926 1029 2989 suspecta,
1059 2935 1127 2974 cnm
1147 2922 1211 2989 lpse
1231 2924 1269 2988 (p.
1288 2919 1347 2986 100,
1361 2919 1391 2985 6)

217 3009 329 3063 scribat
348 3010 509 3076 ἁμαρτόντα
528 3013 558 3064 et
576 3010 712 3075 ἥμαρτον,
741 3008 893 3062 Macarius
914 3024 986 3063 vero
1009 3009 1130 3078 saepius
1150 3007 1292 3060 adhibeat
1312 3009 1390 3060 eius-

217 3099 298 3153 modi
321 3100 435 3153 formas
458 3098 622 3153 verborum
648 3100 759 3152 aoristo
788 3098 923 3154 secundo
953 3098 1153 3162 addictorum,
1183 3095 1288 3163 quales
1317 3100 1389 3148 sunt

217 3190 390 3253 dumeriooro
410 3188 464 3254 (65,
481 3188 513 3253 1),
534 3189 653 3251 συνάξας
672 3187 728 3256 (86,
741 3188 794 3256 13),
815 3189 961 3255 εὑρήσειεν
979 3186 1050 3255 (176,
1064 3185 1110 3252 30)
1129 3184 1166 3238 al.
1186 3183 1288 3237 multa.

323 3278 352 3340 2)
372 3278 461 3332 Velut
473 3278 504 3329 in
523 3277 541 3330 l.
552 3276 582 3330 lI
596 3292 620 3331 c.
630 3275 684 3332 XV
703 3277 854 3333 Macarius
868 3278 1061 3348 ineptissime,
1082 3275 1197 3342 opinor,
1217 3272 1388 3328 Introduxit

217 3367 377 3422 lectionem
392 3367 560 3432 βληθήσεται
579 3368 669 3420 κάτω
690 3370 729 3432 (v.
743 3367 759 3421 6
779 3372 809 3422 et
823 3369 955 3422 maxime
969 3365 1022 3434 12),
1042 3377 1133 3433 quam
1146 3361 1177 3416 in
1191 3363 1388 3434 responsione

219 3459 258 3526 (p.
272 3456 315 3524 37,
326 3457 354 3523 3)
373 3457 438 3526 Ipse
457 3472 549 3510 unam
569 3457 700 3526 respicit,
720 3458 773 3512 sed
792 3473 871 3527 quae
891 3455 1141 3522 haudquaquam
1161 3454 1223 3524 legi
1242 3454 1340 3523 potuit
1357 3454 1389 3506 in

218 3545 388 3616 philosophi
407 3547 597 3615 argumentis
616 3547 705 3602 eontra
723 3547 869 3601 mundum
896 3545 1046 3598 nominem
1066 3559 1155 3613 posse
1176 3544 1273 3598 emitti
1293 3547 1389 3598 osten·

177 3637 180 3646 “
220 3635 327 3690 dentis.

325 3725 353 3789 3)
373 3721 425 3791 Of,
449 3724 547 3789 velim,
576 3740 655 3794 quae
674 3725 712 3779 de
732 3725 780 3778 dei
802 3724 936 3794 potentia
955 3722 1084 3778 divorsis
1103 3723 1175 3777 locis
1199 3723 1279 3776 idem
1298 3722 1389 3792 philo·

218 3814 332 3883 sophus
350 3813 500 3868 disserens
520 3814 728 3882 introducitur,
747 3812 981 3882 p.159,24sqq.,
1006 3814 1138 3867 maxime
1157 3829 1186 3882 p.
1200 3812 1260 3879 160,
1273 3810 1303 3864 2:
1323 3813 1390 3866 οὐδὲ

218 3905 272 3969 τήν
290 3903 401 3972 ἀρετὴν,
421 3905 492 3957 καθὸ
512 3905 635 3970 δύναται,
655 3908 728 3956 ποιεῖ
747 3901 846 3955 κακίαν
866 3902 932 3954 οὐδὲ
951 3902 1005 3968 τὴν
1025 3901 1124 3956 κακίαν
1143 3903 1223 3965 αὖθις
1237 3902 1341 3968 ἀρετήν
1361 3907 1390 3956 et

219 4010 247 4063 p.
261 3993 382 4060 204,st
402 3994 436 4047 οὐ
455 3994 509 4060 γὰρ
528 3992 619 4046 πάντα
639 3992 753 4044 δύναται
773 3991 824 4057 (sc.
845 3992 861 4044 ὁ
880 3992 955 4060 θεός)
976 4031 1024 4046 ...
1044 3992 1110 4045 οὐδὲ
1130 3992 1249 4055 κακόςὸ
1269 3992 1340 4060 θεός,
1366 3991 1390 4045 εἰ

220 4086 264 4137 καί
284 4084 366 4151 θέλει,
386 4085 502 4137 δύναται
520 4083 649 4146 γενέσθαι
668 4080 747 4134 ποτέ.

326 4173 353 4238 4)
373 4173 492 4240 Videas,
524 4186 601 4241 quae
626 4184 720 4239 supra
746 4171 784 4224 de
811 4171 1013 4226 barbarorum
1039 4143 1147 4224 no'titia
1176 4185 1389 4224 commemora-

220 4264 318 4317 vimus
338 4278 366 4332 p.
380 4263 409 4331 53
430 4264 479 4316 cui
497 4261 561 4314 loco
580 4261 708 4314 fortasse
720 4259 835 4315 addere
854 4261 924 4316 lieet
943 4278 971 4331 p.
985 4261 1028 4330 24,
1041 4260 1067 4327 5,
1086 4261 1139 4313 ubi
1153 4275 1214 4314 non
1227 4260 1390 4330 imperator

220 4353 375 4407 Romanus
396 4366 475 4406 unus
496 4350 603 4404 dieitur
622 4365 754 4419 regnare
773 4350 804 4404 in
824 4351 945 4418 mundo,
972 4349 1026 4404 sed
1046 4364 1114 4402 cum
1134 4365 1168 4403 eo
1188 4349 1282 4414 multi,
1309 4348 1389 4416 quod

220 4443 318 4511 magis
337 4443 364 4495 ei
386 4442 476 4495 aetati
498 4454 669 4509 congruere
683 4440 812 4509 videtur,
832 4455 894 4510 qua
913 4442 1104 4494 incursantes
1121 4439 1321 4493 barbarorum
1341 4453 1390 4506 po-
