3060 5086
668 273 844 328 -59..

170 458 367 549 Christianos
389 461 557 541 excerptas
581 475 651 520 esso
686 461 836 537 tanquam
870 451 1028 517 validiora
1061 455 1260 534 argumenta,
1294 449 1356 537 sic

169 564 256 635 illum
281 565 463 647 loquentem
494 561 639 627 induxit:
689 562 847 647 „Minatur
871 559 1016 626 Christus
1039 559 1100 624 sibi
1125 578 1187 622 non
1212 555 1341 622 creden·

169 673 254 738 tibus
278 679 410 738 aeterna
434 671 592 755 supplicia
604 671 627 749 ¹)
663 677 696 734 et
720 668 797 734 alibi
822 669 880 732 ait:
915 669 947 734 in
981 687 1045 751 qna
1068 685 1216 731 mensura
1240 665 1358 760 mensi¹

169 781 306 862 fueritis,
331 779 480 844 metietur
503 779 604 846 vobis.
653 776 740 842 Satis
764 775 899 841 ridicule
935 782 1033 858 atque
1058 773 1231 840 contrarie:
1267 793 1340 839 nam

169 889 196 954 si
220 887 263 953 ad
286 906 464 952 mensuram
489 883 672 951 redditurus
696 892 745 950 est
770 903 906 972 poenam
931 890 962 948 et
986 883 1087 949 omnIs
1111 901 1259 947 mensura
1283 880 1340 946 cir·

170 995 363 1079 cumscripta
387 1000 435 1059 est
459 993 526 1059 fine
551 994 711 1078 temporis,
748 991 826 1075 quid
854 991 915 1056 sibi
944 991 1054 1055 volunt
1083 989 1188 1054 minae
1220 986 1341 1052 infiniti

169 1098 363 1187 supplicii?“
390 1139 433 1147 —
457 1121 562 1167 nonne
579 1100 691 1166 eadem
709 1105 757 1165 est
773 1096 1021 1183 argumentandi
1037 1097 1129 1176 ratio,
1155 1116 1218 1180 qna
1233 1101 1342 1183 noster

169 1208 253 1275 ridet
278 1211 321 1294 (p.
339 1209 395 1290 24)
420 1209 603 1293 amentiam,
628 1207 719 1291 quasi
743 1208 893 1292 princeps
917 1204 1026 1271 mundi
1051 1224 1068 1269 e
1092 1201 1201 1269 mundi
1221 1201 1341 1270 finibus

169 1317 270 1400 possit
293 1317 354 1381 eici
378 1315 488 1381 foras?

217 1430 220 1437 '
276 1422 369 1501 Quod
393 1429 498 1488 autem
516 1423 713 1506 Augustinus
737 1421 856 1488 ibidem
880 1423 912 1487 in
937 1419 1124 1504 quaestione
1149 1419 1244 1483 tertia
1265 1418 1341 1483 Por-

169 1531 319 1615 phyrium
356 1529 546 1596 Christianis
582 1531 745 1595 obiectare
784 1531 830 1594 ait
868 1529 985 1594 iniuria
1023 1545 1223 1612 paganorum
1262 1526 1342 1591 ritus

169 1656 342 1720 sacrorum,
368 1636 499 1714 hostias,
525 1630 622 1701 thura
643 1625 748 1702 abiis
772 1637 1037 1719 accusatricem
1061 1634 1147 1700 idem
1172 1633 1275 1699 cultus
1299 1633 1341 1699 ab

169 1745 248 1830 ipsis
272 1764 407 1829 quoque,
431 1745 484 1810 vel
508 1765 527 1808 a
552 1743 623 1826 deo,
649 1764 742 1827 quem
759 1744 910 1825 colerent,
936 1762 1068 1808 exorsus
1085 1743 1126 1807 sit
1145 1742 1342 1826 temporibus

168 1853 294 1938 priscis,
319 1871 390 1917 oum
406 1852 577 1938 inducatur
594 1851 672 1916 deus
689 1851 837 1937 primitiis
854 1870 962 1934 egens,
988 1851 1069 1933 quis,
1095 1849 1148 1932 qui
1164 1849 1197 1914 id
1215 1847 1340 1932 legerit,

169 1981 232 2026 non
255 1960 476 2025 reminiscetur
499 1960 610 2042 nostri,
636 1960 688 2041 qui
714 1964 757 2044 (p.
775 1959 854 2042 203)
878 1957 919 2023 de
935 1957 1079 2044 pluribus
1096 1955 1146 2022 dis
1162 1957 1225 2022 iam
1239 1957 1340 2022 Vetus

170 2068 412 2133 Testamentum
437 2087 508 2132 oum
533 2065 671 2151 quadam
694 2065 876 2132 reverentia
900 2067 985 2149 loqui
1010 2071 1117 2130 monet
1134 2065 1232 2130 verbo
1245 2065 1339 2142 θεοὺς

170 2175 208 2238 οὐ
225 2175 457 2255 κακολογήσεις
475 2173 590 2256 (Exod.
609 2175 662 2255 22,
680 2174 736 2253 28)
753 2173 910 2257 simulque
927 2158 1125 2239 Christianos
1142 2172 1340 2257 perstringit,

170 2282 255 2365 quod
279 2303 477 2367 paganorum
502 2283 621 2367 templa
644 2282 799 2366 incipiant
823 2283 940 2346 imitari
964 2282 1051 2364 (201,
1068 2279 1205 2363 bsqq.)?

276 2391 399 2474 Neque,
425 2410 507 2473 qnae
531 2396 700 2474 praeterea
724 2389 946 2474 eHieronymi
963 2388 1052 2454 libris
1069 2388 1224 2473 protraxi,
1249 2406 1341 2470 argu-

169 2504 276 2563 menta
299 2498 524 2582 Porphyriana
548 2498 720 2563 abhorrent
745 2517 764 2562 a
795 2502 919 2577 nostr03
955 2494 1073 2560 etenim
1108 2496 1140 2559 in
1171 2497 1284 2560 comm,
1309 2496 1341 2559 in

169 2606 244 2670 lsai.
269 2606 300 2688 3,
321 2606 361 2670 12
387 2605 499 2690 (Mign.
525 2604 647 2688 XXIV,
671 2605 742 2686 66):
780 2623 981 2689 ,caveamus
1006 2602 1119 2686 inquit,
1143 2607 1176 2666 et
1199 2622 1281 2667 nos.
1307 2651 1340 2666 ..
1405 2669 1407 2678 ,

169 2731 209 2777 ne
232 2713 323 2778 iuxta
338 2712 552 2798 Porphyrium
576 2719 742 2778 matronae
767 2718 799 2777 et
822 2711 969 2776 mulieres
993 2711 1057 2776 sint
1077 2714 1184 2775 noster
1199 2715 1339 2791 senatus,

170 2838 252 2902 quae
277 2818 482 2884 dominantur
504 2822 537 2885 in
571 2821 726 2904 ecclesiis,
762 2826 794 2885 et
818 2819 859 2886 de
882 2817 1077 2886 sacerdotali
1111 2816 1214 2902 gradu
1248 2817 1341 2884 favor

168 2926 288 2992 iudicet
312 2927 521 2994 feminarum“
553 2966 584 2976 —
614 2929 727 2993 mirum
753 2948 830 2994 sane
848 2929 977 3010 crimen,
1003 2925 1060 2992 sed
1077 2925 1212 2992 eandem
1228 2923 1366 3010 opinor*

169 3054 238 3100 esse
262 3018 419 3101 attentam
444 3037 531 3101 vitae
556 3035 808 3102 Christianorum
832 3035 1098 3117 observationem,
1136 3053 1199 3116 qua
1232 3035 1340 3099 noster

169 3138 322 3206 describit
361 3141 498 3207 feminas
543 3149 675 3227 propter
713 3143 932 3225 virginitatem
971 3160 1005 3206 se
1045 3147 1267 3224 comparantes
1301 3147 1339 3225 τῇ

168 3249 320 3331 τεξαμένῃ
344 3249 403 3312 τὸν
426 3246 552 3326 Ἰησοῦν
569 3250 656 3327 (136,
674 3251 792 3338 bsqq.)
810 3249 862 3314 vel
886 3249 1034 3314 mulieres
1050 3249 1199 3334 insignes,
1225 3248 1339 3331 quibus
1389 3315 1391 3319 ,

169 3376 188 3418 a
213 3353 404 3420 Christianis
428 3354 670 3440 persuadeatur,
705 3363 740 3422 ut
764 3356 941 3422 distributis
972 3355 1093 3420 dividis
1126 3355 1338 3421 voluntariam

168 3460 345 3545 suscipiant
369 3469 548 3546 egestatem
583 3463 808 3548 (58,17sqq.).
834 3501 876 3510 -
899 3465 935 3529 In
971 3464 1052 3528 libro
1088 3469 1195 3528 autem
1228 3470 1340 3529 eontra

171 3568 321 3651 Vigilant.
356 3589 383 3632 c.
403 3570 444 3634 10
474 3569 586 3655 (Mign.
611 3571 738 3654 XXIII,
763 3572 841 3651 348)
875 3591 945 3637 cum
981 3573 1193 3655 Hieronymus
1228 3569 1340 3636 adver·
1388 3645 1390 3650 Ι

168 3676 286 3741 sarium
304 3674 392 3740 bisce
409 3677 564 3760 appellet:
598 3678 786 3763 ,responde
812 3679 971 3762 quomodo
987 3680 1020 3743 in
1037 3679 1190 3743 vilissimo
1206 3678 1338 3762 pulvere

128 3841 129 3846 ,
169 3789 201 3847 et
235 3782 347 3848 favilia
384 3783 464 3863 (scil.
491 3790 676 3868 martyrum
712 3786 977 3864 Christianorum)
1010 3787 1118 3850 nescio
1152 3804 1215 3868 qua
1249 3791 1339 3850 tanta

168 3891 329 3973 signorum
363 3892 581 3975 virtutumque
617 3895 800 3977 praesentia
832 3943 838 3958 .
865 3943 904 3958 ..
941 3894 1003 3959 nisi
1036 3893 1119 3958 forte
1154 3893 1187 3956 in
1220 3912 1337 3957 morem

168 3998 332 4080 gentilium
358 3999 599 4084 impiorumque,
625 4001 796 4085 Porphyrii
821 4007 853 4066 et
877 4001 1033 4082 Eunomii,
1059 4000 1117 4066 bas
1145 4000 1339 4084 praestigias

169 4102 358 4201 daemonum
398 4125 468 4173 esse
507 4106 694 4190 oonIIngas“
738 4145 773 4156 -
815 4129 875 4173 non
915 4103 993 4174 satis
1032 4114 1119 4172 certo
1167 4106 1338 4172 diiudicari

168 4217 285 4295 potest,
314 4218 418 4278 utrum
443 4213 608 4298 designis
632 4214 675 4280 ad
699 4205 845 4300 sepulcra
869 4223 1043 4300 martyrum
1068 4215 1164 4282 editis
1188 4218 1220 4281 in
1244 4216 1337 4281 libro·

276 4441 302 4507 1)
321 4440 425 4496 Ioann.
439 4441 464 4511 3,
479 4443 512 4498 18
525 4457 591 4514 opp.
613 4460 640 4498 v.
655 4444 696 4499 15.
