3060 5086
706 303 880 358 ..44-

208 487 328 550 alferat
353 491 551 568 argumenta,
576 484 835 551 ut'Christianos
859 483 900 550 de
925 478 1087 550 erroribus
1107 503 1214 550 eorum
1239 483 1281 548 ad
1311 503 1400 549 suas

208 593 385 662 sententias
409 576 549 659 veriores
572 591 716 674 reducat,
741 613 780 659 ao
805 591 951 658 caedium
975 590 1162 657 fastidiosus
1185 591 1348 656 reductos
1376 613 1398 655 a
1496 647 1497 688 ,

208 700 374 784 suppliciis
404 700 541 766 liberare
570 699 709 765 studeat.
758 700 905 782 Namque
938 704 973 763 ut
1005 699 1204 782 gravissimis
1227 697 1399 782 Christia-
1496 703 1497 706 ’

209 827 320 871 norum
344 808 621 893 persecutionibus
645 828 702 892 per
722 826 823 872 annos
838 807 1016 872 rur-260
1031 806 1185 871 institutis
1194 809 1217 886 ¹)
1235 805 1398 888 aequalis

208 913 281 996 fuit,
305 915 351 979 ita
375 937 394 980 a
418 913 546 980 Plotino
571 915 736 997 magistro,
766 933 859 997 quem
884 912 1082 979 Schmidtius
1105 912 1177 978 looo
1201 914 1234 976 in
1257 919 1331 977 not.
1364 915 1396 976 1.

209 1019 340 1086 laudato
365 1023 513 1107 opinatur
541 1021 744 1106 imperatoris
768 1020 905 1087 Gallieni
939 1021 1071 1104 eiusque
1107 1021 1217 1086 uxoris
1246 1040 1331 1105 erga
1358 1039 1398 1086 se

209 1129 434 1194 benevolentia
458 1148 549 1194 usum
573 1149 654 1209 esse,
679 1135 714 1195 ut
738 1131 768 1194 ei
791 1127 1013 1214 persuaderet,
1038 1147 1078 1193 ne
1102 1129 1134 1192 vi
1158 1133 1191 1192 et
1214 1127 1397 1212 suppliciis

210 1222 408 1302 Christianos
441 1242 695 1320 persequeretur,
730 1243 815 1302 certe
849 1234 963 1301 didicit
992 1237 1056 1300 vim
1086 1242 1118 1300 et
1150 1235 1299 1300 iniuriam
1336 1235 1397 1299 ah-

209 1343 338 1408 horrere
362 1363 421 1410 nec
444 1343 505 1408 nisi
530 1343 602 1408 telis
626 1343 747 1427 ingenii
771 1349 869 1426 atque
893 1341 1060 1408 doctrinae
1076 1362 1220 1428 pugnare
1237 1341 1279 1407 ad
1297 1363 1396 1408 erro·

211 1469 276 1514 rem
301 1450 494 1533 vagantibus
517 1449 761 1516 ostendendum.
798 1451 872 1535 Ipse
888 1456 996 1516 autem
1013 1449 1158 1516 Plotinus
1172 1449 1396 1531 Christianos,

211 1576 343 1640 quorum
367 1559 483 1622 πολλοὶ
507 1558 565 1635 μὲν
588 1559 640 1622 καὶ
664 1557 766 1633 ἄλλοι,
793 1557 944 1637 aspernor
961 1559 996 1622 δὲ
1012 1557 1047 1622 ἐκ
1062 1560 1119 1635 τῆς
1136 1551 1276 1635 παλαιᾶς
1294 1561 1396 1636 φιλο-

211 1666 332 1745 σοφίας
357 1664 531 1744 ἀνηγμένοι
554 1665 672 1732 scholis
697 1667 765 1731 eius
789 1667 976 1747 intererant,
1000 1671 1034 1729 ut
1058 1665 1105 1731 ait
1128 1664 1333 1750 Porphyrius
1360 1665 1396 1728 in

211 1771 496 1851 vit.Plot.c.16.,
531 1774 676 1856 quamvis
709 1781 899 1857 arroganter
932 1771 1155 1858 philosophiae
1187 1771 1395 1857 principibus

210 1878 440 1945 maledicerent
475 1886 571 1964 atque
612 1881 682 1965 ipse
717 1881 836 1946 acriter
871 1880 1074 1964 opinionibus
1110 1899 1218 1944 eorum
1254 1879 1392 1962 obloqui

213 1994 394 2070 cogeretur,
427 1987 546 2068 φίλους
577 1994 685 2053 tamen
708 1986 899 2072 appellarat,
934 1986 1048 2070 quibus
1073 1986 1171 2064 αἰδώς
1195 2007 1243 2064 τις
1268 2003 1392 2051 conve·

215 2095 308 2175 niret,
333 2095 366 2158 in
390 2095 470 2178 ipso,
496 2115 558 2177 quo
582 2114 637 2160 eos
661 2094 882 2179 impugnabat,
908 2093 1016 2159 libello
1040 2095 1124 2173 πρὸς
1147 2094 1225 2171 τοῦς
1251 2095 1391 2158 Γνωστι-

215 2201 325 2281 rode)
351 2208 383 2267 et
406 2201 439 2265 in
463 2201 571 2266 multis
595 2221 725 2286 operum
742 2221 888 2283 suornm,
911 2208 947 2266 ut
970 2199 1167 2266 Schmidtius
1190 2220 1248 2265 sua
1272 2198 1392 2265 disser-

214 2309 336 2373 tatione
360 2307 600 2392 demonstravit,
636 2315 800 2374 crescente
824 2309 961 2374 fortasse
994 2308 1162 2374 verborum
1196 2307 1390 2390 acerbitate,

211 2415 268 2480 sed
292 2414 426 2482 rationis
450 2437 512 2481 non
537 2414 603 2482 odii
628 2422 818 2501 argumenta
842 2415 884 2482 ad
901 2436 956 2482 eos
973 2416 1191 2482 convertebat.
1240 2414 1390 2482 Gnostici

210 2523 256 2587 illi
282 2530 382 2606 erant,
409 2523 463 2607 qui
488 2531 522 2589 ut
546 2523 733 2591 asserebant
758 2523 909 2588 mundum
931 2522 1051 2588 amalo
1076 2521 1215 2606 quodam
1240 2517 1388 2588 creatore

212 2636 316 2695 ortum
340 2637 441 2696 totum
465 2651 536 2696 esse
560 2631 677 2696 malum
701 2631 915 2713 miserumque
935 2650 974 2695 ac
996 2630 1215 2715 periturum⁸),
1246 2628 1389 2693 maxime

213 2736 470 2804 adversabantur
494 2738 557 2804 illis
581 2738 768 2818 Platonicis,
793 2737 945 2820 quibus4)
970 2736 1023 2802 hic
1046 2735 1183 2802 mundus
1208 2742 1277 2801 erat
1293 2735 1388 2800 εἰκὼν

213 2849 271 2909 τοῦ
296 2849 416 2922 νοητοῦ
441 2851 473 2910 et
501 2845 646 2928 quamvis
675 2843 816 2922 ὕστατος
848 2848 925 2922 παῖς
960 2850 1066 2908 tamen
1099 2863 1140 2908 ex
1172 2844 1244 2927 ipsa
1277 2841 1389 2908 divina

213 2953 352 3017 essentia
377 2951 575 3036 procedebat
599 2971 725 3036 semper
748 2951 948 3016 illuminante
971 2950 1137 3015 materiam
1162 2970 1200 3015 ac
1225 2950 1384 3015 formante

214 3058 257 3124 ad
281 3079 370 3124 suam
395 3067 559 3124 aeternam
583 3057 894 3143 pulchritudinemll.
908 3095 952 3104 -
965 3057 1030 3124 Sed
1047 3058 1144 3123 etiam
1161 3057 1194 3121 in
1211 3063 1383 3123 ceterorum

216 3166 468 3231 Christianorum
492 3167 659 3251 opiniones
683 3165 880 3250 Porphyrius
904 3165 1023 3230 inillis
1048 3186 1119 3231 cum
1137 3165 1299 3230 Gnostiois
1321 3181 1383 3228 cer·

215 3273 387 3338 taminibus
421 3278 508 3338 certe
541 3273 760 3356 inquisiverat,
797 3278 829 3337 et
862 3272 938 3337 licet
967 3291 1022 3337 eos
1050 3271 1273 3339 Gnosticorum
1301 3270 1386 3336 illam

216 3381 388 3446 amentiam
422 3379 592 3466 repudiare
627 3380 840 3464 intellegeret,
877 3386 982 3444 tamen
1017 3378 1090 3444 aliis
1120 3399 1175 3444 eos
1207 3379 1388 3462 implicatos

216 3487 348 3553 videbat
374 3488 586 3572 opinionibus,
620 3507 700 3570 quas
732 3487 809 3554 item
844 3507 965 3552 errores
989 3485 1122 3552 diceret.
1172 3487 1214 3550 At
1238 3506 1308 3553 cum
1334 3503 1389 3550 eas

324 3667 351 3734 1)
370 3666 508 3720 Breviter
528 3681 578 3719 eas
599 3650 742 3735 exposuit
762 3663 887 3720 Carolus
907 3662 1041 3718 Schmidt
1060 3663 1108 3717 l.1.
1129 3679 1157 3732 p.
1172 3662 1214 3716 12.

323 3757 350 3822 P)
371 3755 415 3810 Cf.
435 3755 542 3810 Plotin.
563 3756 690 3809 ennead.
711 3754 740 3807 II
759 3754 784 3821 9,
803 3753 877 3808 c.10
896 3758 926 3807 et
945 3750 1079 3807 Schmidt
1098 3753 1116 3806 l.
1130 3753 1146 3806 l.
1167 3769 1195 3821 p.
1209 3751 1243 3804 32
1252 3766 1294 3820 sq.

323 3846 350 3910 3)
370 3845 449 3912 Πρὸς
467 3847 534 3909 τοῦς
553 3846 640 3899 κακὸν
659 3846 710 3898 τὸν
738 3843 909 3910 δημιουργὸν
937 3847 989 3895 τοῦ
1013 3843 1119 3907 κόσμου
1144 3843 1189 3894 καί
1212 3841 1263 3894 τὸν
1285 3841 1390 3905 κόσμον

217 3937 304 3990 κακὸν
324 3937 397 3990 εῖναι
415 3935 549 4001 λέγοντας
569 3937 644 3990 alter
664 3940 709 3989 est
728 3933 832 3988 titulus
852 3931 944 3986 libelli
963 3932 1125 3986 Plotiniani
1145 3932 1192 3992 (cf.
1210 3930 1319 3999 Porph.
1339 3930 1389 3982 vit.

217 4026 291 4080 Plot.
313 4043 336 4082 c.
351 4025 394 4096 24,
415 4044 442 4097 p.
456 4026 509 4080 XL
529 4027 671 4092 Kirchh.).

323 4117 351 4182 4)
372 4115 414 4172 Cf.
434 4118 523 4171 etiam
544 4116 647 4184 Zeller,
667 4114 774 4168 Philos.
795 4113 822 4167 d.
843 4111 959 4167 Griech.
979 4111 1023 4165 III
1042 4108 1078 4164 2²
1091 4127 1119 4180 p.
1130 4110 1183 4164 499
1193 4126 1254 4179 sqq.

324 4207 351 4271 5)
371 4204 414 4261 Cf.
435 4205 595 4275 Porphyrii
625 4204 813 4270 sententiam,
844 4217 922 4272 quae
952 4206 997 4257 est
1015 4201 1058 4255 30.
1079 4205 1137 4254 τιῦν
1156 4200 1295 4268 ἀφορμῶν
1322 4200 1391 4265 πρὸς

218 4297 253 4349 τὰ
270 4296 374 4362 vaurd:
394 4295 512 4362 ἀνῆκται
530 4295 575 4364 (τὸ
594 4295 727 4358 κοσμικὸν
747 4293 838 4361 σῶμα)
858 4294 928 4359 πρὸς
947 4292 999 4357 τὴν
1018 4291 1112 4364 ψυχὴν
1131 4291 1232 4357 νοερὰν
1251 4290 1339 4343 οὖσαν
1350 4329 1356 4342 .
1368 4327 1391 4341 ..

218 4387 235 4451 ἡ
256 4385 286 4437 δὲ
306 4386 382 4451 ψυχὴ
403 4386 491 4438 αὐτοῦ
511 4385 581 4450 πρὸς
599 4384 650 4437 τὸν
668 4387 749 4436 νοῦν·
769 4387 837 4447 νοῦς
856 4383 886 4434 δὲ
905 4382 976 4448 πρὸς
994 4382 1028 4433 τὸ
1047 4385 1173 4447 πρῶτον·
1199 4379 1310 4445 διήκει
1328 4377 1391 4431 τοί-

218 4491 279 4529 νυν
298 4476 432 4528 ἀπαντο
452 4475 504 4527 ἐπὶ
523 4477 628 4527 τοῦτο
644 4513 649 4526 .
665 4513 691 4526 ..
712 4473 781 4526 καθὸ
803 4473 920 4525 δύναται
940 4471 1067 4525 ἕκαστον.
