3060 5086
717 243 889 296 ..20-

218 423 419 508 philosopho,
444 424 497 505 qui
522 421 628 510 priore
652 427 797 506 ternpore
821 441 846 487 s.
868 421 1059 505 scripturam
1088 420 1218 504 legebat
1245 416 1388 482 nondum

217 529 457 611 immutabilem,
493 549 587 612 quarn
624 527 823 594 orthodoxae
854 527 1008 594 ecclesiae
1033 525 1221 592 hierarchae
1245 525 1389 590 Macario

218 635 391 722 adsignare
414 636 533 701 malim.

325 745 373 809 Eo
403 745 507 828 magis
538 750 644 810 autern
673 744 814 810 Macaria
843 741 1014 808 tribuenda
1042 761 1113 808 csse
1143 761 1269 824 censeo,
1305 759 1390 822 quac

218 853 469 933 subsequuntur:
493 849 520 914 ιθ
544 855 654 932 μῦθος,
685 850 712 914 dr
737 855 845 932 λῆρος,
870 848 1023 928 ἀγέλας
1048 847 1153 927 ὄντως
1182 847 1321 926 πλατθςλ
1357 853 1391 912 et

219 979 249 1026 v.
269 959 411 1038 15:·‹peir
435 962 493 1036 τῆς
524 956 747 1041 ἀπαιδευσίας,
781 962 844 1039 φεῦ
868 962 925 1036 τῆς
955 961 1092 1036 κωμικῆς
1122 956 1271 1037 πλάνηςλ,
1306 974 1391 1037 quae

219 1065 314 1148 plane
338 1065 450 1131 eadem
475 1067 604 1150 saepius
627 1065 770 1150 reperies
793 1067 825 1129 in
850 1065 983 1131 Macarii
1012 1063 1273 1149 responsionibus
1302 1063 1392 1127 velut

222 1193 253 1258 p.
271 1173 325 1256 92,
343 1173 439 1256 6sq.:
462 1176 525 1253 φεῦ
541 1176 600 1252 τῆς
617 1171 739 1256 ἀνοίας,
757 1177 820 1254 φεῦ
836 1177 893 1252 τῆς
911 1173 1123 1254 δυσφημίαςλ,
1147 1171 1215 1236 ibid
1232 1192 1262 1236 v.
1278 1169 1319 1234 18
1330 1189 1390 1251 sq.:

220 1277 247 1342 ιθ
271 1283 329 1360 τῆς
353 1278 564 1358 ἀπαιδευσίας
587 1281 646 1359 τὴν
670 1279 769 1359 μέθην
792 1280 982 1358 ἀπόζοντεςλ
1022 1277 1048 1342 ὦ
1072 1285 1138 1343 τῶν
1166 1276 1393 1357 ἑμβροντήτων

219 1385 346 1464 ἔκγονοι
370 1388 420 1451 καὶ
448 1385 630 1470 ἀπόγονοιλ,
664 1409 695 1472 p.
716 1387 866 1470 113,17;
901 1391 963 1468 φεῦ
991 1393 1048 1466 τῆς
1077 1384 1204 1464 ἀνοίαςλ
1240 1387 1302 1465 φεῦ
1332 1387 1392 1462 τῆς

219 1494 453 1585 κακοπραγίαςλ
487 1531 531 1540 -
563 1495 662 1560 Porro
696 1495 767 1577 quis
799 1515 862 1560 non
896 1500 1069 1578 cognoscet
1100 1493 1234 1557 Macarii
1269 1510 1391 1556 morem

220 1600 402 1687 effingendi
426 1621 523 1667 voces
546 1601 636 1668 iacta
651 1601 769 1669 Christi
787 1602 1079 1687 perstringendum,
1104 1599 1158 1665 ubi
1184 1599 1315 1683 legerit:
1340 1599 1392 1663 καὶ
1421 1663 1425 1669 ,

220 1707 351 1774 ἀκούων
374 1728 432 1792 τις,
466 1708 512 1787 ὡς
526 1758 534 1774 .
549 1757 556 1774 .
572 1709 611 1774 ,ὁ
636 1709 819 1790 Χριστὸς..
835 1758 842 1774 .
857 1709 1099 1790 ἑπαπέστειλεν,
1124 1707 1184 1772 οὐκ
1213 1707 1297 1787 ἐρεῖ·
1327 1709 1388 1786 φεῦ

220 1821 278 1898 τῆς
301 1821 367 1882 κτλ.
393 1822 426 1882 et
454 1817 625 1884 contulerit
657 1837 696 1883 ea
731 1837 802 1882 curn
826 1816 1021 1884 Macarianis
1051 1816 1133 1883 locis
1162 1815 1271 1882 multis
1303 1814 1391 1880 velut

223 2083 323 2140 monis
341 2082 441 2154 (Apul.
462 2084 499 2139 de
520 2084 577 2138 deo
597 2081 712 2140 Socrat.
731 2084 805 2152 49‚b
824 2085 936 2154 legitur
955 2083 1085 2138 daemon
1104 2099 1158 2153 pro
1178 2081 1296 2138 Graeca
1315 2097 1394 2138 voce

221 2173 391 2243 δαιμόνιον);
412 2175 519 2229 omisso
540 2179 641 2230 autern
661 2176 755 2230 verbo
776 2175 880 2239 πάντες
900 2171 1097 2245 „daemones“
1115 2174 1228 2228 habent
1248 2174 1276 2236 b,
1296 2189 1321 2241 e,
1341 2169 1392 2241 ft²‚

221 2281 250 2335 s,
270 2263 290 2331 t,
308 2265 326 2332 ¹,
345 2281 373 2335 o·
743 2265 744 2268 ’

233 2347 239 2368 '
328 2353 405 2408 Tum
425 2358 535 2422 noster,
565 2369 634 2408 cum
660 2353 746 2408 codd.
771 2353 939 2424 praebeant
963 2356 1062 2408 neutr.
1081 2353 1158 2423 plur.
1179 2351 1339 2420 (ἐξελθόντα
1357 2353 1393 2406 τὰ

221 2445 387 2511 πνεύματα),
416 2444 517 2497 nescio
538 2458 593 2497 cur
614 2443 763 2498 transiliat
782 2443 821 2496 ad
841 2443 1043 2497 masculinum
1065 2443 1251 2506 ἀπελθόντες
1270 2443 1308 2506 εἰς
1326 2443 1393 2506 τοὺς

220 2523 333 2600 χοθρους
352 2547 388 2587 ac
408 2532 577 2586 difficiliore
590 2532 753 2586 verborum
774 2533 991 2601 compositione
1009 2534 1131 2600 pergat:
1152 2531 1303 2597 ιάρμησαν
1322 2531 1392 2584 κατὰ

221 2627 272 2676 τοθ
287 2627 412 2689 κρημνοῦ
432 2660 480 2675 ...
502 2622 541 2686 ώς
560 2621 703 2689 δισχίλιοι
723 2626 767 2675 καί
782 2621 983 2688 ἀπεπνίγησαν.
1013 2619 1104 2676 Cuius
1117 2621 1288 2676 sententiae
1302 2621 1390 2675 totius

223 2712 394 2766 subiectum
419 2712 598 2779 fingendum
625 2717 704 2765 esset
729 2711 867 2779 δαίμονες,
895 2711 953 2765 uisi
977 2710 1060 2780 apud
1079 2708 1215 2763 Marcum
1239 2711 1336 2780 ipsum
1360 2711 1391 2762 et

221 2801 347 2866 δισχίλιοι
366 2804 396 2852 ct
415 2799 609 2865 &aemimonto
629 2800 667 2854 de
686 2801 786 2869 porcis
806 2800 965 2867 diceretur,
990 2801 1123 2866 ὥρμησεν
1141 2814 1215 2854 vero
1235 2815 1324 2854 sunm
1342 2799 1392 2852 ha-

221 2890 307 2944 beret
326 2889 495 2943 subiectum
515 2890 609 2953 ἀγέλη.
638 2889 765 2943 Videtur
784 2891 878 2958 igitur
896 2894 999 2944 noster
1017 2889 1091 2942 illud
1112 2891 1249 2956 ὥρμησαν
1267 2890 1393 2958 pristino

222 2993 314 3034 sensu
332 2977 492 3032 transitivo
512 2973 687 3032 adhibuisse
705 2979 756 3045 ita,
785 2984 819 3031 ut
844 2979 922 3032 hunc
947 2993 1069 3032 sensum
1095 2982 1278 3033 statuamus:
1308 2979 1395 3048 „dae-

111 3101 114 3107 -
222 3082 336 3135 mones,
355 3071 390 3120 ut
406 3072 493 3121 erant
507 3081 633 3121 numero
647 3067 715 3128 ΜΜ,
735 3069 863 3138 proiecti
881 3068 912 3121 in
933 3083 1040 3136 porcos
1059 3069 1226 3122 incitarunt
1245 3067 1314 3130 (scil.
1330 3071 1394 3132 eos)

222 3162 252 3212 et
271 3157 413 3211 suffocati
433 3155 519 3211 sunt“
541 3157 590 3210 vel
609 3158 738 3212 fortasse
757 3158 978 3211 nominativum
997 3157 1079 3211 illurn
1094 3158 1219 3223 δισχίλιοι
1237 3157 1275 3210 ab
1291 3155 1393 3224 aliquo

222 3247 347 3302 librario
367 3247 535 3301 secundum
554 3250 674 3300 textum
693 3261 812 3301 sacrum
830 3246 1036 3301 introductum
1051 3262 1117 3302 esse
1129 3249 1186 3302 rati
1200 3245 1393 3298 restituamus

223 3350 322 3390 aecus.
338 3336 495 3400 δισχιλίους.
526 3337 630 3405 quue
649 3338 746 3406 magis
767 3338 920 3406 propriam
940 3337 1018 3391 hauc
1037 3338 1196 3392 lectionem
1208 3335 1395 3403 mirabimur,

149 3457 151 3460 -
224 3427 295 3494 quia
318 3427 389 3480 item
414 3426 445 3478 in
470 3426 660 3480 versionibus
678 3425 796 3480 Latinis
821 3426 899 3480 illius
925 3441 1031 3481 sensus
1058 3427 1229 3479 invenimus
1255 3425 1394 3492 vestigia,

222 3529 332 3584 nempe
351 3516 382 3567 in
402 3515 467 3568 cod.
488 3516 521 3569 b:
553 3520 598 3582 „et
615 3516 755 3586 fecerunt
777 3516 893 3584 impetu
915 3514 961 3570 ire
988 3531 1115 3585 gregem
1141 3531 1195 3585 per
1221 3513 1392 3584 praeceps“,

210 3605 301 3658 -inter
327 3619 418 3673 quam
442 3606 570 3658 formam
595 3609 625 3660 et
651 3606 808 3675 vulgatam
837 3605 944 3676 (‚,grex
964 3620 1076 3674 magno
1096 3605 1212 3673 impetu
1232 3643 1238 3657 .
1258 3642 1265 3657 .
1285 3643 1291 3656 .
1312 3615 1392 3672 prae·

223 3694 365 3761 cipitatus
394 3694 467 3756 cst“)
495 3695 624 3749 fortasse
652 3695 782 3749 mediam
811 3694 978 3763 quandam,
1013 3708 1075 3762 qua
1103 3693 1300 3747 observemus
1329 3705 1392 3761 pro·

223 3797 371 3850 gressum,
391 3782 536 3836 hahemus
556 3784 587 3835 iu
608 3784 672 3838 cod.
686 3781 738 3854 g²z
760 3788 806 3854 „et
819 3787 967 3838 excuntes
980 3783 1102 3852 spiritus
1115 3782 1263 3836 immundi
1277 3796 1354 3852 grex
1364 3775 1392 3846 (l)

223 3872 441 3941 praecipitatus
461 3870 533 3939 est“,
553 3873 602 3926 cui
619 3877 721 3927 tamen
741 3873 826 3927 addit
835 3872 1087 3927 Tischendorfius
1109 3871 1181 3939 „nisi
1201 3871 1284 3939 apud
1304 3869 1395 3926 Saba·

223 3961 280 4014 tier
300 3962 414 4014 excidit
433 3961 573 4030 aliquid“.
594 3991 625 4000 -

330 4051 471 4118 Denique
490 4052 516 4104 si
535 4055 704 4104 extremum
724 4066 847 4120 quoque
871 4049 1065 4115 ἀπεπνίγησαν
1089 4064 1144 4118 pro
1169 4048 1358 4113 ἀπεπνίγοντο
1378 4063 1396 4102 a

224 4139 295 4193 solis
314 4140 378 4193 fere
397 4140 514 4194 Latinis
535 4141 654 4195 ostendi
673 4142 854 4210 respexeris
877 4156 945 4195 curn
965 4141 1100 4210 perfecto
1120 4144 1256 4207 tempore
1275 4143 1397 4193 vertant

226 4229 383 4297 „suffocati
404 4226 490 4282 sunt“
511 4228 597 4283 codd.
617 4229 645 4297 b,
666 4244 689 4294 c,
708 4227 760 4297 fla,
778 4230 798 4297 1,
818 4246 844 4298 q,
864 4231 924 4283 iam
944 4231 975 4282 in
996 4228 1135 4282 omnibus
1155 4228 1322 4282 adversarii
1342 4229 1398 4281 lec·

225 4317 359 4371 tionibus
379 4331 527 4386 agnosces
547 4317 705 4386 perlucere
724 4318 781 4372 hoc
800 4319 865 4372 loeo
886 4317 1006 4372 Graeca
1020 4317 1206 4386 exemplaria
1218 4315 1395 4369 Latinorum

224 4408 432 4477 interpretum.
