3060 5086
691 272 848 328 ..4-

185 459 313 536 gnetem
339 461 480 518 nostrum
504 453 690 539 episcopum
706 454 795 519 illum
812 454 912 522 fuisse
928 455 1114 538 Magnesiae
1138 455 1355 539 contenderat,

185 579 277 643 quem
303 562 334 625 in
359 561 483 644 syno'do
507 582 536 626 a.
554 562 619 626 403
644 560 686 626 ad
711 561 871 640 Quercum
894 561 1007 628 habita
1031 563 1234 630 Heraclidem
1251 563 1355 648 Ephe-

186 669 303 734 siorum
337 670 521 754 episcopum
552 671 757 736 accusavisse
781 669 916 736 Photius
948 677 997 737 est
1030 673 1184 753 auctor¹),
1221 691 1292 736 cum
1326 671 1355 734 ei

185 776 325 840 maxime
360 781 572 859 congruerent
602 783 702 842 artes*
719 776 922 862 theologicae
955 778 987 842 in
1021 778 1111 845 libris
1143 777 1356 858 ἀποκριτικῶν

184 882 340 966 prolatae.

293 990 455 1057 Nonnulla
480 992 677 1074 argumentis
700 1011 809 1056 eornm
834 1012 874 1058 ex
898 992 1032 1058 Macarii
1057 993 1146 1059 libris
1176 992 1355 1058 addiderim

186 1097 383 1164 testimonia:
421 1097 588 1164 Graecam
622 1104 708 1164 certe
736 1099 820 1164 elato
844 1099 950 1164 animo
968 1119 1002 1164 se
1017 1100 1190 1184 profitetur
1205 1101 1267 1166 hoc
1285 1100 1356 1165 loco

185 1205 480 1289 (p.29,12sqq.):
513 1205 544 1270 οἱ
572 1205 633 1285 γὰρ
666 1205 837 1284 ἐνάγοντες
868 1205 950 1287 (scil.
973 1205 1147 1287 Christum)
1180 1209 1238 1287 μὲν
1270 1207 1356 1287 ἦσαν

185 1311 343 1394 Ἰουδαῖοι,
377 1312 407 1376 οἱ
431 1313 466 1376 οὲ
490 1313 653 1392 κρίνοντες
677 1315 840 1396 Ῥωμαῖον,
866 1313 1064 1394 βάρβαρον
1088 1313 1204 1394 ἔθνος
1234 1313 1356 1379 ἑκάτε-

185 1439 254 1496 ρον
277 1421 328 1483 καὶ
353 1420 657 1500 λόγονέλευθερίας
682 1423 722 1500 μὴ
753 1420 948 1500 πονούμενον
981 1423 1077 1501 μηδὲ
1109 1422 1355 1500 παιδεύσεως
1447 1422 1451 1429 ’

184 1525 397 1606 ἑλληνικῆς
414 1528 582 1607 κατέχον
600 1529 869 1611 λεπτότηταῖκ
887 1529 1053 1595 'Graecum
1071 1536 1178 1595 autem
1196 1529 1356 1596 hominem

184 1634 284 1702 fuisse
308 1653 348 1700 ex
371 1635 452 1700 Asia
475 1635 643 1702 oriundum
667 1636 805 1704 fortasse
830 1637 964 1722 colligas
988 1657 1028 1703 ex
1052 1657 1101 1720 eo,
1126 1637 1212 1721 quod
1228 1643 1357 1722 praeter

184 1742 398 1828 Porphyrium
428 1745 471 1827 (p.
492 1744 566 1828 146,
583 1745 617 1824 2)
651 1749 799 1811 auctores
830 1744 1019 1812 nominatim
1052 1766 1115 1812 non
1148 1744 1260 1810 laudat
1291 1744 1353 1811 nisi

183 1849 331 1918 Jonicos:
361 1851 534 1916 Homerum
558 1870 635 1918 sane
659 1855 703 1937 (p.
723 1853 797 1935 198,
813 1853 858 1934 2),
882 1850 939 1919 sed
956 1851 1054 1919 etiam
1070 1853 1205 1918 Aratum
1221 1852 1354 1918 cilicem

187 1959 278 2043 (191,-
292 1960 345 2038 17)
370 1960 572 2042 maximeque
589 1958 788 2026 Herodotum
805 1961 873 2043 (30,
887 1961 930 2026 20
947 1966 980 2025 et
997 1961 1071 2044 179,
1090 1961 1174 2041 1793)
1191 1960 1243 2026 vel
1259 1959 1355 2044 quod,

185 2069 212 2134 si
235 2067 332 2133 ullam
356 2073 548 2133 remotarum
575 2069 750 2153 regionum,
786 2074 872 2136 certe
902 2070 989 2135 eirca
1012 2070 1129 2135 Istrum
1152 2068 1356 2154 Scythasque

183 2177 278 2242 sitam
311 2175 423 2242 melius
456 2174 583 2242 videtur
614 2177 775 2256 novisse⁴l
808 2196 879 2242 eum
903 2177 981 2242 Asia
1009 2178 1141 2262 propius
1170 2197 1248 2242 sane
1282 2197 1355 2242 corr-

182 2283 323 2348 iunctam
356 2303 451 2366 quam
476 2303 547 2348 cum
570 2282 763 2368 Babylonia,
797 2284 950 2350 montium
985 2289 1092 2350 autem
1122 2284 1177 2350 uhi
1203 2284 1352 2369 exempla

183 2391 282 2457 aliert
307 2389 396 2475 (111,
413 2389 476 2474 23),
506 2397 634 2475 praeter
657 2411 782 2458 sacrum
807 2392 951 2458 Sinaium
980 2397 1011 2458 et
1039 2399 1207 2478 poetarum
1240 2392 1351 2474 saltus,

185 2499 365 2578 Παρνασὸν
389 2497 520 2578 seilicet,
544 2497 724 2582 Ὄλυμπον,
757 2498 853 2582 Ἴδην,
878 2499 998 2566 nullum
1023 2500 1166 2585 appellat
1194 2498 1256 2569 nisi
1281 2498 1356 2577 Γάρ-

104 2693 108 2698 ·
185 2627 286 2685 γαρον
310 2607 495 2686 Troianum,
520 2607 657 2688 Ταῦρον,
684 2607 866 2691 Βόσπορον,
891 2613 1015 2672 montes
1032 2607 1169 2673 Asianos
1193 2605 1245 2671 vel
1257 2605 1356 2671 Asiae

183 2713 370 2798 provinciae
385 2714 558 2798 proximos.
590 2713 709 2780 Nescio
727 2733 812 2795 vero,
836 2734 877 2778 an
900 2714 1030 2780 maioris
1053 2734 1116 2780 non
1139 2713 1185 2778 sit-
1204 2712 1356 2778 momenti

182 2821 319 2887 inveniri
342 2821 375 2884 in
399 2803 539 2886 Macarii
559 2820 650 2886 libris
681 2826 733 2886 sat
764 2820 881 2886 multas
910 2821 1017 2888 Joniei
1051 2820 1205 2887 sermonis
1237 2820 1358 2885 formas

185 2937 346 3011 vocesque
355 2927 391 3012 5),
428 2927 586 3010 siquidem
620 2933 746 2994 constat
779 2929 863 2993 inter
894 2929 982 2994 viros
1019 2927 1132 2994 doctos
1171 2927 1357 3012 posterioris

292 3195 319 3262 1)
339 3194 403 3248 cod.
417 3193 461 3260 69,
479 3209 508 3263 p.
523 3193 575 3247 176
593 3192 688 3248 Bekk.

291 3285 319 3348 2)
338 3283 405 3339 Non
433 3287 595 3353 repugnat,
624 3282 707 3352 quod
735 3298 827 3352 saepe
855 3281 951 3349 (velut
976 3281 1047 3349 28,1
1069 3282 1130 3349 νΙ.)
1147 3281 1357 3336 adversarium

185 3387 275 3431 suum
294 3374 506 3444 philosophum
525 3372 660 3426 traducit
678 3373 780 3427 verbis
798 3373 851 3437 τὴν
866 3359 1110 3438 ἑλληνικὴνδόξαν
1123 3372 1171 3426 νο]
1185 3373 1258 3439 οἱον,
1277 3388 1358 3426 nam·

186 3481 246 3535 que
270 3464 380 3519 talibus
404 3463 479 3516 locis
503 3462 646 3529 ἑλληνικός
669 3461 707 3516 de
729 3462 886 3532 religionis
909 3476 1052 3531 paganae
1072 3461 1296 3516 confessoribus
1316 3463 1357 3516 in·

185 3556 349 3624 tellegitur,
377 3553 415 3607 dc
439 3568 498 3621 quo
521 3567 581 3606 usu
604 3551 664 3606 vid.
685 3551 810 3607 Kukula
829 3553 860 3606 in
881 3551 1044 3606 dissertatt.
1064 3553 1094 3605 in
1115 3549 1287 3621 Gomperaii
1308 3550 1357 3603 ho·

185 3660 289 3699 norem
317 3643 487 3712 conscriptt.
514 3659 542 3711 p.
561 3641 614 3697 359
625 3657 702 3712 sqq.:
734 3627 833 3711 „siber
851 3642 984 3709 Ἕλληνες
1002 3642 1065 3696 und
1085 3642 1224 3708 Βάρβαροι
1248 3641 1279 3692 in
1304 3639 1357 3692 der

185 3734 338 3788 altchristl.
359 3731 567 3802 Apologetik.“

292 3824 320 3890 3)
340 3821 399 3878 Sed
419 3822 485 3875 aliis
505 3837 628 3892 quoque
647 3823 721 3877 locis
740 3823 821 3876 hune
840 3822 978 3891 sequitur
996 3820 1118 3875 nominc
1137 3833 1199 3873 non
1211 3817 1312 3884 allato,
1333 3817 1357 3870 si

186 3915 324 3969 conterre
343 3913 426 3967 lubet
446 3913 542 3966 nostri
562 3929 589 3982 p.
610 3911 720 3979 146,12
741 3927 808 3966 eum
829 3911 899 3966 Hdt.
919 3909 1047 3966 V11114
1067 3914 1096 3962 et
1114 3907 1208 3962 nostri
1228 3922 1258 3976 p.
1270 3906 1357 3975 170,7

185 4019 254 4059 eum
273 4001 422 4059 Herodoti
440 4001 509 4056 libri
528 4001 542 4055 1
561 4005 624 4056 toto
643 4002 713 4056 fine.
1117 3991 1122 4000 ’

291 4093 320 4160 4)
340 4091 584 4160 cf.119,11aqq.,
603 4106 674 4144 nam
694 4106 774 4160 quae
793 4090 831 4145 de
850 4090 900 4144 illo
914 4089 1041 4143 flumine
1054 4092 1276 4155 commemorat,
1296 4102 1356 4141 non

185 4183 321 4238 invenies
342 4182 443 4235 omnia
462 4180 544 4250 apud
557 4179 746 4234 Herodotum
766 4179 817 4244 (IV
830 4179 865 4235 47
876 4178 951 4248 sqq.)
971 4177 1056 4232 velut
1075 4191 1234 4231 numerum
1253 4175 1288 4232 35
1302 4176 1357 4230 flu·

186 4273 313 4339 riorum,
334 4271 445 4340 quibus
463 4269 575 4324 Istrum
594 4269 637 4324 ait
656 4270 772 4338 augeri.
986 4337 989 4344 .
1193 4312 1198 4322 .

292 4360 320 4429 6)
339 4360 493 4430 Exscripsi
502 4359 569 4414 has:
590 4359 649 4412 αῢτι
660 4358 752 4414 semel
764 4358 823 4426 109,
835 4358 878 4425 18,
892 4372 960 4411 eum
971 4357 1083 4427 passim
1092 4357 1214 4427 legatur
1224 4357 1312 4419 αὖθις.
1324 4383 1356 4393 -
1525 4425 1526 4446 Χ

118 4515 119 4520 ¹
185 4453 424 4519 κανημοξενμένος
437 4449 480 4517 75,
491 4449 516 4517 6,
535 4450 574 4503 ab
589 4447 755 4504 editoribus
768 4449 844 4504 falso
858 4451 1007 4504 mutatum
1020 4449 1051 4502 in
1065 4449 1168 4515 rodnp.
1180 4476 1212 4485 -
1227 4446 1358 4514 ἀρούρης,
1436 4466 1440 4480 ·
