3060 5086
699 217 877 274 -52..

200 398 389 484 cognoveris
420 399 515 465 etiam
549 399 669 484 placita
693 397 877 483 philosophi
910 397 1010 462 nostri
1045 416 1115 462 esse
1139 395 1371 482 Porphyriana‚

199 507 282 571 siout
305 506 436 590 ingenio
460 527 499 572 ac
522 507 662 572 moribus
685 526 756 570 cum
781 525 819 570 eo
844 504 1050 589 congruebat.

306 612 349 677 Et
384 614 416 676 in
450 612 585 678 eundem
619 613 739 698 optime
771 611 891 678 cadunt
926 611 1052 696 singula
1085 610 1254 694 quaedam,
1291 631 1372 694 quae

200 718 287 803 apud
303 719 519 784 Macarianum
545 720 696 804 leguntur
711 718 948 806 philosophum.
995 718 1143 784 Studium
1161 739 1265 784 rerum
1283 717 1369 784 chro-

199 826 417 910 nologicarum
441 847 538 912 supra
560 830 624 893 iam
647 827 689 893 ad
713 827 926 913 Porphyrium
950 826 1129 892 rettulimus
1153 833 1186 891 et
1209 827 1370 892 horrorem

200 953 299 999 cenae
324 933 443 1000 domini
468 934 510 1000 ad
534 937 722 1019 scriptorem
747 936 854 1020 operis
877 936 949 1014 περὶ
974 934 1099 1014 ἀποχῆς
1124 934 1289 1017 ἐμψύχων,
1321 936 1371 999 cui

201 1043 352 1107 convenit
367 1045 432 1107 τῶν
446 1042 576 1119 ἀλόγων
593 1063 718 1126 quoque
734 1043 863 1126 saepius
879 1043 968 1108 facta
981 1041 1100 1107 mentio
1115 1041 1182 1125 (95,
1194 1043 1233 1124 43
1253 1043 1327 1124 159,
1339 1042 1372 1122 8)

199 1154 231 1214 et
267 1148 424 1230 quaedam
458 1170 536 1235 erga
569 1169 608 1215 ea
643 1147 863 1215 misericordia
898 1156 995 1232 atque
1035 1148 1249 1234 patrocinium
1285 1149 1373 1214 velut

200 1277 231 1341 p.
248 1255 302 1340 56,
323 1259 379 1322 ll:
405 1256 552 1322 ἐλαύνειν
576 1259 633 1338 μὲν
656 1257 689 1324 ἐξ
713 1257 787 1336 ἑνός
812 1256 985 1337 ἀνθρώπου
1010 1257 1087 1335 τοὺς
1112 1257 1279 1339 δαίμονας,
1304 1255 1374 1321 τού·

197 1384 276 1443 τους
301 1365 336 1429 δὲ
369 1366 491 1445 χοίροις
527 1366 716 1446 ἐπιπέμπειν
749 1364 912 1445 ἀλόγοις
936 1372 968 1431 et
993 1365 1131 1431 maxime
1158 1365 1281 1441 127‚6:
1316 1361 1372 1429 εἶτ’

200 1471 410 1538 ἐπισυνάπτει
433 1474 491 1539 τὸν
516 1474 615 1552 λόγον
631 1473 744 1553 ἀσαφῆ
761 1475 812 1538 καὶ
829 1475 947 1553 μεστὸν
963 1473 1126 1554 φλυαρίας
1144 1473 1224 1553 (scil.
1243 1472 1373 1551 Paulus)

199 1582 266 1644 τῶν
290 1579 420 1659 ἀλόγων
443 1583 502 1660 τὴν
526 1583 615 1648 θείαν
639 1581 830 1661 ἀποτέμνων
853 1582 1021 1662 πρόνοιαν.

305 1689 499 1775 Τοωροωιιιι
522 1697 628 1756 autem
652 1691 793 1756 rationes
822 1709 919 1776 supra
942 1690 1112 1775 plerasque
1140 1688 1373 1774 expedivimus,

200 1815 272 1862 cum
295 1795 481 1863 Macariana
505 1818 728 1864 exsecaremus
752 1818 792 1863 en
816 1796 993 1863 adversarii
1018 1796 1190 1882 capitibus,
1215 1796 1374 1862 Hadriani

121 1982 124 1988 ¹
199 1903 390 1969 mentionem
421 1903 501 1968 nihil
528 1904 637 1971 valere
666 1906 738 1989 rati,
776 1905 928 1971 barbaros
959 1905 1141 1988 provincias
1169 1905 1294 1989 imperii
1330 1905 1374 1968 in·

201 2010 342 2076 colentes
366 2017 398 2076 et
422 2012 530 2077 orbem
554 2017 710 2078 terrarum
734 2012 904 2095 evangelio
928 2017 1119 2096 occupatum
1146 2011 1283 2076 fortasse
1307 2011 1375 2075 Ma-

201 2117 280 2182 oarii
297 2137 367 2183 esse
384 2117 617 2202 additamenta,
643 2124 803 2185 trecentos
824 2138 900 2184 vero
922 2123 996 2203 post
1014 2116 1174 2184 Christum
1191 2123 1224 2183 et
1239 2117 1374 2182 Paulum

200 2245 301 2290 annos
336 2225 377 2290 ab
413 2225 526 2300 eodem
562 2231 702 2292 mutatos
742 2245 824 2310 esse,
867 2231 979 2292 contra
1015 2225 1271 2292 Christianorum
1305 2244 1375 2310 per·

199 2333 380 2400 secutiones
403 2334 522 2418 optime
546 2334 790 2420 Porphyrianae
818 2333 918 2399 aetati
947 2354 1124 2418 congruere
1148 2335 1372 2419 cognovimus;

199 2460 305 2526 pauca
334 2461 418 2507 nunc
445 2435 596 2506 addenda
624 2449 706 2510 sunt.
755 2441 959 2527 Apollonium
989 2442 1193 2527 Tyancnscm
1225 2447 1333 2508 noster
1357 2461 1374 2506 e

199 2548 386 2614 Philostrati
410 2549 490 2628 vita,
522 2569 616 2632 quam
641 2550 733 2616 initio
762 2571 788 2616 s.
812 2551 872 2615 ΙΙΙ.
898 2550 1110 2634 conscriptam
1142 2569 1213 2615 esse
1237 2555 1373 2633 constat,

198 2655 285 2721 iussu
309 2655 410 2721 Iuliae
434 2657 579 2722 Domnae
611 2658 834 2741 imperatricis,
869 2677 951 2740 quae
984 2677 1013 2721 a.
1047 2658 1122 2722 217.
1157 2663 1282 2722 mortua
1315 2662 1375 2739 est,

199 2763 326 2829 videtur
351 2783 458 2845 nosse3
483 2784 620 2846 namque
645 2764 757 2830 laudat
775 2764 958 2849 philosophi
976 2765 1170 2844 παρρησίαν,
1197 2783 1259 2846 qua
1284 2784 1376 2849 prae·

199 2877 290 2938 sente
313 2870 505 2956 imperatore
523 2871 707 2936 Domitiano
731 2872 856 2937 locotus
879 2872 931 2953 sit,
956 2870 1172 2953 Philostratus
1198 2877 1304 2937 autem
1328 2873 1375 2936 in-

200 2984 323 3062 tegram
342 2977 495 3042 describit
520 2978 571 3043 vel
588 2979 718 3064 effingit
734 2977 953 3044 defensionem
971 2979 1056 3060 eius3
1082 2985 1148 3043 tum
1165 2985 1274 3046 noster
1299 2979 1374 3045 sim·

199 3084 326 3170 pliciter
350 3085 469 3169 pergit:
506 3089 563 3164 τῆς
589 3090 753 3166 βασιλικῆς
777 3085 878 3165 αὐλῆς
904 3085 1032 3166 ἀφανὴς
1057 3086 1194 3164 ἐγένετο,
1229 3095 1272 3169 at,
1298 3107 1373 3170 quo·

199 3191 295 3257 modo
320 3191 353 3256 id
369 3191 492 3257 iactum
513 3193 565 3275 sit,
589 3215 653 3258 non
669 3193 774 3278 magis
791 3213 884 3277 quam
903 3193 1117 3260 Philostratus
1135 3201 1373 3277 commemorat,

201 3298 299 3383 quil.
325 3299 415 3367 VIII.
446 3320 473 3365 c.
502 3302 541 3365 10
566 3301 610 3386 (p.
635 3301 712 3382 327,
746 3302 785 3366 16
810 3302 940 3386 Kays.):
983 3303 1047 3381 πρὸ
1078 3301 1275 3380 μεσημβρίας
1306 3302 1373 3381 μέν,

199 3407 311 3490 inquit,
343 3406 466 3486 ἀπῆλθε
493 3410 550 3472 τοῦ
580 3410 795 3489 δικαστηρίου,
830 3411 901 3489 περὶ
926 3411 1035 3488 δείλην
1060 3410 1087 3474 δ’
1105 3410 1140 3474 ἐν
1165 3410 1375 3493 Δικαιαρχείᾳ

200 3515 316 3598 ἐφάνη,
335 3535 397 3597 quo
408 3515 525 3580 Damin
536 3514 726 3602 discipulum
737 3524 835 3582 antea
849 3535 883 3582 se
899 3516 1045 3582 conferre
1058 3519 1195 3582 iusserat
1206 3517 1292 3600 (Vll,
1303 3518 1371 3600 41),

200 3623 341 3705 itemque
358 3626 513 3703 noster¹):
539 3628 605 3702 μεθ’
624 3624 711 3703 ὥρας
735 3624 774 3689 οὐ
791 3622 915 3701 πολλὰς
940 3624 976 3687 ἐν
992 3625 1084 3688 πόλει
1101 3624 1327 3708 Δικαιαρχείᾳ.
1344 3675 1350 3688 .
1367 3674 1373 3688 .

199 3731 413 3738 ———-—-

308 3765 334 3832 1)
353 3764 422 3818 Alia
455 3780 529 3819 sanc
553 3767 584 3820 in
608 3768 806 3837 responsione
828 3766 978 3820 Macarius
1003 3770 1041 3835 (p.
1057 3766 1099 3835 66,
1114 3765 1148 3820 20
1158 3766 1212 3836 sq.)
1242 3767 1374 3836 profert:

199 3857 243 3907 καί
263 3857 357 3907 λαλῶν
385 3854 570 3921 αὐτοκράτορι
599 3857 629 3909 ἐν
658 3855 754 3919 αὐτοῖς
772 3872 827 3908 που
853 3855 947 3919 μέσοις
964 3861 1024 3919 τοῖς
1050 3854 1196 3920 βασιλείοις
1215 3860 1325 3922 σεμνῶς
1344 3857 1375 3910 ἐν

199 3945 312 4010 ταύτῷ
332 3949 485 4010 κηπουροῑς
497 3973 532 3982 -
545 3950 579 3998 ut
592 3943 812 3999 Wendlandius
832 3959 879 3997 ms
899 3949 999 3999 monet
1019 3944 1212 3998 scribendum
1232 3959 1298 3999 esse
1318 3961 1373 4014 pro

200 4033 312 4087 codicis
342 4038 484 4100 κηπωροῑς
509 4063 538 4072 -
560 4035 676 4088 ἔσκαλλε
704 4035 740 4086 τὰ
768 4034 933 4100 κηπεύσιμα.
964 4063 995 4072 -
1021 4034 1106 4097 Quae
1130 4034 1221 4102 paulo
1242 4035 1374 4089 certiora

200 4122 349 4190 videntur,
382 4138 472 4191 quam
505 4129 539 4178 ut
569 4139 651 4178 mere
682 4123 808 4178 inventa
840 4139 876 4178 ea
911 4138 1102 4190 censeamus;
1139 4124 1191 4178 sed
1224 4125 1306 4178 urrds
1338 4139 1374 4178 ea

201 4213 369 4281 sumpserit,
389 4214 530 4281 quoniam
552 4213 611 4267 alia
631 4213 669 4268 de
687 4212 840 4282 Apollonii
861 4215 924 4268 vita
944 4215 997 4266 vix
1025 4213 1170 4267 habemus
1193 4214 1374 4278 testimonia,

199 4317 259 4354 non
289 4305 334 4355 est
363 4301 598 4371 decernendum,
626 4317 726 4371 neque
754 4304 833 4357 enim
854 4302 1088 4371 Gostschingius
1111 4304 1141 4355 in
1163 4302 1374 4356 dissertatione

200 4407 227 4460 p.
242 4390 275 4442 36
295 4390 419 4444 laudata
439 4392 505 4445 aliis
524 4393 582 4445 nisi
605 4392 784 4447 Philostrato
805 4393 982 4447 auctoribus
1003 4407 1125 4461 operam
1147 4392 1238 4446 dedit.
