3060 5086
677 273 834 326 ..9-

171 464 277 525 autem
306 457 451 541 intellegi
475 451 543 522 vult
565 455 627 521 hoc
658 454 789 520 verbum
818 453 1017 538 psalmistae)
1051 449 1128 547 ἄνευ
1144 463 1145 468 ’
1160 448 1339 527 συνουσίας

171 568 222 631 καί
247 566 417 643 κοινωνίας
443 565 581 647 ἐγένετο,
606 561 685 641 αὕτη
710 563 843 641 μυστικὴ
868 561 1046 639 μονογενὴς
1071 557 1266 637 ἀπόρρητος,
1298 554 1339 621 ad

171 693 253 756 quae
278 671 500 738 Theodoretus
525 671 636 754 (Mign.
661 670 778 754 patrol.
803 667 920 734 Graec.
946 673 1020 732 tom.
1047 667 1100 748 80,
1125 687 1156 750 p.
1183 664 1268 729 1013
1284 663 1339 743 Ab:

170 783 255 859 τινὲς
280 781 316 845 δὲ
339 780 391 844 διὰ
419 783 477 843 τοῦ
512 779 679 857 σκώληκος
713 775 805 841 εἶπον
837 778 1104 855 παραδηλοῦσθαι
1135 774 1186 837 καὶ
1218 774 1276 852 τὴν
1306 771 1341 836 ἐκ

172 888 335 967 παρθένου
359 887 531 965 γέννησιν·
556 884 664 949 οὐκέκ
680 884 860 963 συνουσίας
876 883 937 962 γὰρ
961 881 1057 960 οὗτος
1082 881 1147 960 ἔχει
1170 882 1208 946 τὸ
1238 879 1339 946 εἶναι·

172 995 234 1072 ἐγὼ
260 995 295 1059 δὲ
317 995 454 1074 ἡγοῦμαι
478 995 536 1072 τὴν
560 992 721 1059 εὐτέλειαν
739 991 790 1056 διὰ
811 995 869 1056 rod
891 992 1059 1070 σκώληκος
1082 990 1220 1055 ἐνταῦθα
1239 988 1340 1069 μόνον

172 1103 449 1181 παραδηλοῦσθαι.

279 1208 374 1274 Oerto
397 1207 497 1292 igitur
521 1227 561 1273 ex
589 1206 735 1272 omuibus
762 1205 812 1272 his
843 1205 1039 1289 argumentis
1062 1205 1210 1271 Macarei
1237 1203 1340 1269 libros

172 1318 262 1382 circo
286 1337 410 1382 acuum
436 1315 497 1383 OD
521 1317 664 1400 scriptos
688 1337 756 1380 esse
779 1319 975 1380 statuemus.

279 1421 371 1502 Quod
400 1424 460 1489 erit
490 1421 673 1506 tenendum,
706 1423 732 1487 si
757 1420 798 1486 de
821 1422 922 1506 ipsius
950 1420 1057 1506 operis
1087 1419 1219 1486 consilio
1243 1423 1339 1500 atquc

173 1531 296 1596 rationo
320 1530 384 1595 iam
407 1528 552 1595 iudicare
576 1529 771 1595 conabimur.
811 1529 889 1594 Eius
912 1528 1049 1610 titulum,
1074 1527 1234 1610 quoniam,
1258 1545 1340 1609 quae

173 1640 243 1723 ipse
267 1638 405 1703 fortasse
429 1635 589 1702 Macarius
613 1637 645 1700 in
669 1637 850 1703 universum
874 1635 915 1702 de
946 1635 1123 1701 rationibus
1152 1633 1218 1699 suis
1251 1633 1340 1698 initio

173 1746 279 1830 operis
303 1745 536 1820 enuntiaverat,
561 1743 642 1810 haec
666 1764 737 1832 cum
762 1750 828 1809 toto
852 1743 932 1808 libro
963 1743 1064 1827 primo
1089 1747 1186 1824 atque
1209 1738 1342 1807 secundi

172 1858 265 1937 parte
302 1853 409 1936 priore
419 1854 443 1933 ¹)
488 1851 521 1916 in
561 1871 635 1932 uno,
677 1871 771 1934 quem
810 1849 965 1916 habemus
1006 1849 1119 1915 codice
1154 1849 1342 1914 Atheniensi

172 1961 344 2044 perierunt,
381 1959 513 2025 Carolus
536 1959 652 2026 Joann.
677 1959 847 2044 Neumann
875 1959 908 2023 in
936 1957 1077 2024 editione
1109 1977 1168 2024 sua
1195 1957 1342 2039 reliquia-

172 2087 240 2132 rum
265 2066 385 2134 Juliani
412 2067 615 2152 imperatoris
643 2072 753 2133 contra
778 2065 977 2134 Christianos
1004 2066 1155 2131 librorum
1182 2086 1214 2150 p.
1240 2065 1341 2147 15sq.

174 2174 285 2258 effecit
309 2173 409 2241 bunc:

281 2283 447 2361 Μακαρίου
465 2281 639 2363 Μάγνητος
657 2283 846 2362 Μονογενὴς
863 2284 883 2360 ἢ
900 2281 1103 2362 ἀποκριτικὸς
1128 2282 1210 2361 πρὸς
1228 2278 1342 2358 Ἕλλη·

173 2410 231 2468 νας
255 2392 416 2469 περὶτῶν
440 2387 673 2469 ἀπορουμένων
697 2390 732 2455 ἐν
755 2397 792 2474 τῇ
817 2396 908 2468 καινῆ
933 2391 1064 2473 διαθήκη
1082 2389 1269 2468 Ζητημάτων
1292 2388 1343 2452 καὶ

174 2495 301 2563 λύσεων
325 2496 423 2576 λόγος
447 2491 596 2576 u'ss'vb'e'.
987 2498 989 2503 ’

282 2747 309 2814 1)
330 2745 426 2810 Quam
446 2746 590 2800 maiorem
610 2745 704 2800 fuisse
730 2761 838 2802 censeo
859 2761 949 2815 quam
970 2746 1101 2800 editores
1126 2745 1241 2814 opinati
1264 2747 1344 2809 sunt,

174 2851 241 2890 cum
268 2837 374 2906 primo,
405 2835 486 2904 quud
513 2835 616 2904 aliqua
642 2851 681 2891 ex
707 2843 793 2906 parts
819 2842 968 2905 servatur,
998 2836 1089 2906 cupiti
1113 2850 1271 2890 numerum
1293 2835 1345 2889 ad-

174 2926 281 2980 derent
291 2925 354 2992 VII,
376 2925 496 2985 scilieet,
518 2927 590 2995 quia
603 2927 773 2981 recentiore
786 2941 879 2980 manu
893 2926 1076 2995 adsequens
1097 2930 1189 2995 caput
1207 2930 1272 2993 ηὀν,
1291 2925 1309 2979 i.
1320 2939 1345 2978 e.

173 3018 277 3082 ὄγδοον
295 3015 472 3083 (κεφάλαιον)
497 3015 682 3085 adscriptum
703 3020 749 3070 est
772 3019 810 3086 (p.
826 3017 851 3083 9,
871 3021 932 3070 not.
947 3017 983 3082 1),
1011 3016 1050 3070 ad
1073 3015 1241 3085 posteriora
1265 3014 1348 3069 deiu-

175 3120 246 3174 ceps
266 3109 319 3159 θ’ον
343 3105 382 3174 (p.
399 3104 440 3173 12,
459 3109 518 3159 not.
535 3104 561 3170 1)
587 3109 616 3159 et
640 3109 685 3159 ι’ον
704 3105 744 3174 (p.
759 3105 801 3174 15,
820 3110 880 3160 not.
894 3105 931 3173 b).
969 3104 1028 3161 Sed
1057 3120 1118 3175 qua
1144 3105 1265 3159 ratione
1292 3118 1346 3158 sex

173 3197 282 3266 capita,
312 3209 391 3264 quae
410 3195 524 3264 perisse
544 3181 682 3263 putanda
702 3199 780 3261 suut,
800 3196 878 3249 inter
897 3194 1062 3250 Macarium
1087 3195 1214 3264 eiusque
1238 3194 1346 3248 adver-

174 3285 296 3352 sarium,
324 3285 404 3338 sicut
432 3284 566 3352 postulat
594 3283 686 3338 tutius
715 3283 783 3337 libri
811 3284 894 3352 ordo,
923 3283 1162 3338 distribuantur?
1205 3284 1346 3352 Quinque

173 3372 385 3442 responsiones
411 3371 604 3426 Macarianec
630 3378 827 3426 asservantur
852 3372 1000 3428 Bloudelii
1028 3374 1177 3443 capitibus
1196 3371 1346 3429 VII-XI:

174 3475 237 3515 uua
256 3462 281 3514 si
300 3461 359 3513 iam
380 3460 479 3529 periit,
499 3474 553 3513 sex
574 3474 697 3529 quoque
716 3460 886 3515 adversarii
902 3463 1105 3531 quaestiones,
1124 3469 1239 3533 septem
1252 3463 1348 3532 igitur

174 3551 205 3605 in
229 3550 404 3604 universum
428 3549 528 3618 capita
550 3551 752 3619 praecessisse
775 3565 900 3606 neccsse
924 3557 981 3620 est3
1009 3552 1163 3621 siminus,
1192 3551 1266 3606 nibil
1288 3552 1347 3606 uisi

175 3640 311 3709 quinque
330 3638 499 3693 adversarii
519 3641 629 3710 capita,
649 3639 879 3710 superabundat
898 3641 992 3710 igitur
1011 3643 1042 3696 in
1058 3641 1255 3696 Blondeliane
1275 3656 1346 3696 enu-

175 3730 343 3783 meratione
361 3742 457 3782 unum
477 3733 576 3798 caput,
608 3729 689 3798 quod
708 3744 748 3783 ue
772 3731 924 3799 prooemio
946 3730 1065 3800 quidem
1087 3731 1153 3785 dari
1175 3735 1281 3802 potest,
1311 3731 1346 3784 si·

175 3818 296 3888 quidem
322 3817 563 3872 introductiones
588 3819 620 3873 in
644 3819 752 3873 ceteris
776 3819 860 3873 libris
884 3826 990 3874 carent
1008 3823 1150 3875 numeris.
1188 3820 1346 3874 Librarius

174 3922 246 3961 vero
265 3907 323 3975 ille,
353 3922 442 3977 quem
463 3907 594 3963 editores
614 3909 710 3963 secuti
729 3913 807 3976 sunt,
838 3923 873 3963 ec
896 3909 1041 3979 deceptus
1061 3915 1114 3980 est,
1143 3911 1223 3980 quod
1247 3915 1347 3980 poste·

175 3997 287 4050 riorum
313 3996 481 4051 adversarii
505 3998 640 4066 capitum
665 3998 794 4068 primurn
820 4013 913 4052 manu
931 4000 1033 4068 priore
1052 4000 1235 4070 adscriptam
1255 4000 1347 4054 habet

175 4091 278 4140 uotam
298 4077 329 4151 ab
348 4087 387 4156 (p.
402 4086 515 4153 adnot
530 4086 568 4154 3),
614 4088 781 4141 secuudum
800 4089 828 4151 ἦ
847 4092 877 4141 et
901 4088 1018 4157 reliqua
1045 4089 1159 4158 pariter
1184 4104 1282 4159 usque
1307 4088 1347 4142 ad

175 4175 314 4244 quintum
333 4175 450 4240 (Blend.
470 4191 536 4245 cap.
546 4176 636 4245 XVI),
656 4179 704 4232 cui
718 4179 872 4248 appictum
891 4181 937 4233 est
955 4178 989 4245 ξ,
1009 4183 1072 4233 tum
1087 4179 1229 4234 desinunt
1241 4182 1347 4247 nutam

175 4266 260 4334 atqui
285 4266 369 4333 prior
392 4281 501 4320 manus
524 4268 605 4322 solas
631 4266 801 4322 adversarii
821 4269 1015 4337 quaestiones
1033 4271 1258 4333 numeraverat,
1287 4283 1348 4323 nou

176 4354 390 4423 responsiones
406 4353 530 4410 Masurii
550 4357 597 4420 (ef.
619 4372 646 4426 p.
660 4357 703 4424 64,
723 4362 784 4412 not,
800 4357 828 4410 1:
849 4356 887 4420 εἰς
905 4358 939 4411 τὸ
959 4362 1014 4411 α’<>ν
1033 4359 1110 4422 λύσις
1128 4358 1176 4412 vel
1196 4358 1252 4424 ab),
1273 4373 1347 4426 ergo
1428 4357 1431 4364 '

175 4450 247 4498 ante
266 4448 359 4513 caput
378 4458 459 4497 nuuc
480 4444 693 4501 duodecimum
717 4463 778 4501 non
802 4446 943 4502 undecim
964 4448 1064 4516 capita
1084 4446 1216 4502 Macerio
1241 4446 1346 4501 adver·
