3060 5086
685 283 860 338 ..60,

186 482 254 528 rum
278 464 358 528 κατὰ
383 463 585 543 Χριστιανῶν
609 463 717 547 aliquo
742 465 848 550 eapite
873 465 976 548 egerit
998 487 1039 531 an
1063 466 1096 530 in
1117 466 1299 531 universum
1317 464 1358 530 dc

187 570 347 636 miraculis
371 572 426 636 illa
450 573 671 657 pronuntiarit,
708 578 815 637 tamen
850 573 997 656 congruit
1025 572 1249 638 miraculorum
1286 593 1359 637 eon·

187 680 320 763 temptio
346 699 415 744 cum
440 681 489 763 iis,
514 701 596 764 quae
621 680 661 746 dc
684 686 794 746 nostro
817 679 1008 766 philosopho
1033 682 1237 766 exposuimus
1261 680 1358 765 p.35.

294 787 440 870 Denique
463 788 604 853 breviter
637 788 795 870 utrimque
833 806 1049 873 proponamus
1082 807 1121 852 ea
1156 794 1359 871 argumenta,

186 913 269 976 quae
294 913 365 959 cum
389 893 473 979 apud
499 895 632 962 Macarii
665 894 884 961 adversarium
919 896 1134 978 inveniantur,
1168 894 1281 961 eadem
1315 896 1357 960 ab

186 1002 371 1067 auctoribus
395 1008 430 1068 ut
454 1002 676 1088 Porphyriana
699 1000 880 1070 laudantur.

293 1109 433 1174 Primum
451 1109 664 1195 Hieronymus
687 1111 720 1174 in
738 1111 887 1176 Hebraic.
912 1116 1035 1194 quaest.
1061 1111 1094 1176 in
1111 1111 1226 1176 Genea.
1244 1109 1359 1193 (Migo.

187 1215 313 1298 XXIII,
339 1217 490 1299 939sq.):
530 1217 747 1303 „Porphyrius
772 1218 999 1302 evangelistas,
1028 1217 1144 1301 inquit,
1173 1216 1216 1282 ad
1239 1217 1361 1282 facien-

187 1323 262 1388 dum
286 1324 508 1407 ignorantibus
537 1324 723 1390 miraculum
757 1345 806 1409 eo,
841 1325 926 1408 quod
963 1324 1109 1391 dommus
1142 1343 1237 1410 super
1272 1345 1361 1391 mare

188 1431 410 1514 ambulaverit,
443 1452 500 1516 pro
531 1432 603 1496 lacu
628 1432 827 1498 Genezareth
851 1453 939 1498 mare
971 1433 1153 1518 appellasse
1187 1432 1361 1498 calumnia·

187 1537 257 1604 tur“
284 1575 326 1585 -—
351 1539 465 1621 quibus
489 1541 615 1606 omnino
639 1546 747 1606 noster
772 1541 921 1607 convenit
944 1561 975 1624 p.
992 1540 1046 1616 60,
1078 1541 1217 1605 maxime
1240 1561 1271 1605 ν.
1299 1539 1360 1606 15:

186 1645 228 1712 ‘ir'
253 1648 288 1711 ἐκ
311 1646 436 1712 τούτων
465 1647 510 1727 ὡς
534 1649 614 1728 μέγα
646 1670 675 1715 τι
704 1650 762 1714 τὸν
795 1647 937 1728 Χριστὸν
971 1648 1192 1728 ἑνεργήσαντα
1225 1652 1361 1728 σημεῖον

187 1755 343 1840 εἰσαγάγῇ
368 1759 433 1820 κτλ.

295 1862 384 1928 Idem
410 1863 623 1949 Hieronymus
646 1866 678 1929 in
704 1866 796 1950 epist.
824 1866 887 1930 130
922 1864 976 1945 (al.
1001 1864 1057 1945 81)
1094 1863 1136 1930 ad
1161 1862 1361 1930 Demetriad.

188 1991 218 2035 c·
237 1971 276 2034 14
301 1970 412 2054 (Mign.
438 1970 547 2053 XXII,
576 1972 672 2050 1118)
698 1971 760 2037 hoc
776 1973 933 2038 servarit:
961 1973 1129 2055 ,Denique
1146 1979 1179 2036 et
1196 1970 1362 2056 apostolus

189 2078 302 2143 Petrus
326 2097 527 2161 nequaquam
551 2079 597 2143 eis
622 2080 679 2157 (sc.
704 2079 849 2145 Ananiae
873 2086 905 2145 et
928 2077 1121 2164 Sappbirae)
1146 2085 1289 2159 mortem,
1327 2084 1363 2143 ut

188 2184 304 2250 stultus
328 2184 524 2270 Porphyrius
558 2183 787 2268 calumniatur“
814 2186 914 2251 —id
940 2185 1024 2271 quod
1048 2192 1157 2252 noster
1180 2187 1277 2251 Petro
1301 2187 1359 2251 cri-

188 2293 264 2358 mini
290 2291 346 2357 dat
370 2311 401 2378 p.
422 2293 496 2358 101.
535 2341 539 2349 .

297 2401 427 2467 Petrum
451 2420 527 2467 vcro
551 2421 571 2466 a
594 2401 695 2467 Paulo
711 2401 905 2468 Antiochiae
928 2401 1152 2488 reprehensum
1171 2421 1251 2484 esse,
1276 2399 1362 2484 quod

191 2509 273 2587 πρὸς
298 2506 480 2587 ἀνθρώπων
504 2508 675 2588 ἀρέσκειαν
698 2509 908 2588 πολιτεύεται,
934 2530 973 2576 ao
996 2511 1121 2589 πολλὴν
1145 2511 1195 2576 καὶ
1219 2509 1362 2589 μεγάλην

190 2635 260 2680 esse
284 2615 488 2693 cercyrorum
512 2615 614 2697 ἄνδρα
637 2621 694 2681 τοῦ
713 2619 799 2682 θείου
817 2619 979 2698 στόματος
995 2617 1168 2697 ὑποφήτην
1184 2617 1362 2698 γενόμενον

189 2724 224 2788 ἐν
249 2724 416 2803 ὑποκρίσει
439 2727 496 2802 Ζῆν
520 2725 693 2808 exprobrat
716 2731 824 2790 noster
847 2747 878 2810 p.
899 2726 972 2808 102,
993 2724 1255 2808 13sqq.aliaque
1274 2724 1361 2789 Petri

126 2859 132 2870 ·
190 2830 329 2895 etPauli
354 2829 560 2897 dissensionis
584 2831 706 2917 profert
731 2830 923 2897 documenta
946 2832 990 2897 ib.
1007 2853 1037 2897 v.
1058 2833 1188 2915 18sqq.,
1212 2830 1363 2914 idemque

190 2937 289 3004 fuisse
312 2958 408 3004 unum
433 2960 450 3004 e
474 2940 672 3022 gravtssimis
688 2938 860 3024 Porphyrii
884 2939 1081 3024 argumentis
1104 2939 1196 3006 testis
1220 2945 1269 3004 est
1286 2939 1362 3004 Hie·

189 3065 341 3130 ronymus
365 3047 462 3112 variis
486 3046 582 3113 locis:
617 3047 650 3110 iu
674 3046 807 3131 prologo
832 3048 915 3112 enim
939 3041 1126 3113 comment.'
1144 3048 1176 3112 in
1201 3046 1294 3131 epist.
1320 3045 1362 3110 ad

191 3153 297 3220 Galat.
323 3154 435 3237 (Migo.
454 3153 575 3234 XXVI,
600 3153 679 3234 310)
711 3161 821 3219 narrat
854 3175 925 3220 enm
962 3155 1013 3240 „in
1036 3155 1139 3239 primo
1173 3154 1278 3239 operis
1313 3153 1361 3219 sui

190 3260 272 3326 libro
296 3260 452 3326 obiecisse
477 3262 605 3328 Petrum
630 3283 649 3328 a
673 3263 774 3328 Paulo
805 3283 874 3329 esse
909 3261 1145 3348 reprehensum,
1180 3261 1266 3345 quod
1300 3282 1363 3327 non

190 3373 278 3432 recto
302 3366 386 3452 pede
409 3367 574 3435 incederet
598 3369 640 3434 ad
664 3369 961 3454 evangelizandum,
986 3371 1146 3436 volentem
1173 3407 1209 3416 —
1237 3375 1271 3433 ut
1289 3370 1363 3434 Hie·

190 3494 341 3559 ronymus
357 3475 423 3541 suis
440 3476 545 3542 verbis
562 3475 688 3542 videtur
705 3478 868 3562 explicare
882 3476 1054 3562 Porphyrii
1072 3478 1168 3543 linem
1185 3515 1215 3522 —
1234 3475 1280 3540 illi
1298 3497 1363 3542 ma·

192 3583 295 3647 culam
320 3584 433 3648 erroris
457 3584 582 3648 inurere
606 3590 638 3650 et
661 3585 736 3649 huic
759 3585 967 3669 procacitatis
992 3585 1079 3650 etin
1104 3603 1269 3650 commune
1293 3584 1363 3649 ficti

192 3688 354 3772 dogmatis
379 3710 532 3755 accusare
556 3690 767 3774 mendacium,
793 3691 868 3756 dum
893 3692 976 3756 inter
999 3712 1034 3757 se
1050 3693 1256 3760 ecclesiarum
1282 3693 1363 3776 prin·

192 3796 281 3881 cipes
306 3795 495 3863 dissidens.
544 3798 580 3862 ln
604 3819 666 3881 quo
700 3798 838 3863 fortasse
871 3797 1014 3874 miratus,
1056 3798 1140 3882 qnod
1176 3800 1266 3864 initio
1299 3801 1364 3864 iam

155 3886 298 3988 ‘operIs
323 3904 403 3970 haec
438 3905 615 3972 absolvisse
648 3905 785 3990 dicatur,
819 3907 1035 3972 coniecturam
1068 3906 1185 3973 feceris
1217 3909 1250 3972 in
1281 3907 1363 3971 libro

191 4013 304 4096 primo,
330 4032 400 4077 cum
425 4014 593 4097 generales
617 4019 728 4079 contra
753 4013 952 4082 Christianos
977 4015 1132 4101 proferret
1156 4016 1363 4097 obiectiones,

193 4138 264 4183 eum
291 4118 372 4184 haec
396 4107 522 4203 quoque
546 4122 781 4206 perstrinxisse,
817 4128 930 4206 postea
959 4122 1097 4205 demum,
1128 4142 1199 4187 cum
1225 4122 1364 4205 quodam

192 4225 304 4291 ordine
339 4227 422 4293 Nori
458 4228 657 4294 Testamenti
693 4234 848 4294 tractaret
886 4229 995 4310 libros,
1037 4229 1169 4312 additis,
1203 4237 1237 4295 ut
1277 4229 1363 4314 apud

191 4339 343 4415 nostrum,
380 4335 570 4400 testimoniis
597 4355 636 4400 ea
660 4338 861 4422 exposuissc;
897 4335 955 4402 sed
980 4355 1050 4400 cum
1074 4357 1133 4402 nec
1157 4336 1198 4402 de
1221 4335 1365 4421 Porphy-

121 4443 124 4452 '
193 4439 274 4505 riani
299 4440 403 4524 operis
428 4439 539 4506 ordine
559 4461 602 4510 ,ac
625 4444 749 4508 ratione
774 4443 945 4527 quicquam
970 4451 1166 4529 compertum
1190 4443 1366 4510 habeamus
