3060 5086
639 305 814 360 -43-

139 489 204 554 iam
229 489 398 554 occasione
422 486 500 552 data
524 486 576 552 vel
599 485 654 552 vix
675 485 752 568 data
769 485 923 552 incumbit
939 491 1118 570 temporum
1133 483 1312 550 rationibus

139 594 291 661 eruendis
315 614 354 660 ac
370 595 490 660 Mosem
507 594 590 658 1180
607 595 699 658 annis
715 599 790 659 ante
808 593 921 659 Esram
937 600 1095 658 mortuum
1112 611 1182 658 esse
1199 591 1313 656 asserit

139 701 258 783 (ibid).
295 703 436 784 Perlegit
454 701 707 766 Christianorum
724 700 832 784 libros,
856 700 939 765 inter
956 718 1034 782 quos
1050 704 1082 764 et
1098 699 1197 781 Petri,
1217 716 1313 780 quam

138 808 267 893 dicunt,
302 808 523 894 apocalypsin,
560 815 602 890 et,
639 809 784 891 quamvis
809 807 898 872 multi
934 808 1111 892 scripturae
1146 806 1208 871 loci
1244 805 1312 872 eius

137 918 302 1002 capitibus
326 937 346 981 a
369 916 511 981 Macario
536 917 627 998 quasi
652 921 841 982 ornamenta
868 914 971 980 additi
1001 935 1071 980 esse
1094 913 1313 994 videantur1),

135 1025 279 1110 plurima
308 1023 377 1108 ipse
409 1025 581 1108 congessit,
616 1023 731 1106 quibus
763 1022 949 1089 ostenderet
981 1021 1199 1106 evangelistas
1231 1021 1314 1086 inter

135 1152 176 1198 se
201 1132 379 1197 contrarios
408 1151 478 1197 esse
507 1131 558 1197 vel
590 1133 787 1217 propositum
821 1150 912 1196 suum
950 1151 1013 1196 non
1048 1131 1175 1212 assequi
1210 1148 1313 1212 neque

136 1247 230 1305 recte
254 1238 436 1305 describere
453 1239 571 1305 Christi
594 1244 751 1322 naturam,
777 1244 811 1303 ut
827 1259 924 1324 supra
947 1237 1131 1322 philosophi
1156 1236 1313 1302 rationem

137 1347 317 1431 depingere
351 1347 458 1412 conati
490 1365 596 1412 sumus
621 1347 665 1430 (p.
683 1347 747 1424 30).
794 1346 822 1410 Ε
865 1345 894 1411 si
921 1344 1015 1410 nimis
1049 1343 1206 1410 morosum
1240 1364 1312 1410 eum

138 1452 412 1539 deprehendimus
436 1452 585 1536 iudicem,
610 1453 729 1538 quippe
754 1455 807 1537 qui
825 1453 1010 1518 minutiores
1027 1453 1195 1518 verborum
1212 1451 1315 1536 agitet

137 1561 289 1646 ineptias
314 1561 402 1627 velut
434 1559 514 1624 illud
548 1559 699 1640 ὁᾶρχων
728 1564 795 1625 τοῦ
829 1561 980 1638 κόσμου
1015 1561 1207 1640 βληθήσεται
1240 1559 1312 1627 ἔξω

140 1672 186 1753 (ρ.
205 1669 260 1748 24)
290 1668 342 1734 vel
370 1667 449 1732 illud
479 1668 514 1732 ἐκ
546 1668 669 1747 πατρὸς
703 1672 760 1732 τοῦ
795 1669 949 1748 διαβόλου
972 1671 1016 1752 (ρ.
1034 1668 1090 1749 25)
1126 1667 1177 1733 vel
1210 1667 1315 1733 lacum

141 1777 343 1842 Genezareth
368 1795 455 1841 mare
484 1775 605 1840 dictum
630 1777 745 1860 (phi,
766 1776 806 1840 18
831 1781 863 1840 et
887 1776 940 1858 60,
959 1777 1075 1858 lsqq.)
1106 1776 1158 1841 vel
1187 1774 1313 1858 similia,
1392 1857 1396 1864 Ι

143 1883 212 1949 sive
236 1883 413 1968 scripturae
437 1883 537 1948 verba
560 1904 579 1948 a
603 1902 638 1949 se
663 1882 762 1947 allata
779 1884 830 1948 vel
847 1902 909 1948 uno
926 1883 1024 1948 verbo
1042 1881 1153 1949 addito
1175 1881 1315 1966 maligne

145 1991 302 2074 immutet,
326 1991 414 2056 velut
438 2011 468 2074 p.
486 1991 541 2072 62,
555 1991 591 2056 8:
616 1990 684 2055 ἐπεὶ
709 1992 787 2069 μηδὲ
811 1993 934 2070 μᾶλλον
959 1991 1080 2070 ἐπράθη
1097 2041 1103 2056 .
1119 2039 1125 2055 .
1140 2041 1146 2054 .
1159 1992 1197 2055 τὸ
1214 1989 1315 2070 μύρον

144 2100 286 2176 καὶτοῖς
311 2102 454 2178 πτωχοῖς
479 2098 575 2177 ἐδόθη
600 2097 692 2162 addit
716 2102 851 2164 πεινῶσι
880 2098 931 2164 vel
959 2099 1083 2176 similia,
1116 2118 1220 2164 nonne
1250 2117 1315 2162 me·

117 2207 121 2212 '
144 2206 272 2271 mineris
288 2198 500 2290 Porphyrium
524 2205 557 2269 in
579 2204 688 2290 Sicilia
714 2213 875 2272 versatum
893 2226 963 2272 esse
980 2206 1022 2271 ad
1039 2205 1201 2290 quandam
1217 2205 1314 2271 animi

145 2311 381 2397 aegritudinem
407 2312 591 2388 curandam,
617 2333 689 2378 eum
713 2334 793 2398 opus
817 2335 907 2379 suum
933 2314 1163 2399 componeret?

250 2418 317 2485 Sed
341 2433 543 2502 quamquam,
577 2419 639 2485 hoc
671 2421 698 2484 si
725 2421 758 2484 in
790 2421 964 2486 minoribus
999 2421 1093 2486 rebus
1123 2420 1209 2505 apud
1239 2422 1315 2485 Por·

142 2525 293 2614 phyrium
318 2525 370 2592 hic
394 2526 459 2591 illic
483 2528 669 2608 sentiamus,
694 2526 780 2592 haud
804 2527 910 2591 mirati
935 2528 1043 2610 simus,
1076 2528 1109 2590 in
1132 2527 1314 2592 universum

144 2641 260 2717 tamen,
294 2639 329 2698 ut
359 2632 509 2717 diximus,
544 2634 704 2699 hominem
737 2633 1007 2718 exspectabimus,
1043 2654 1105 2699 non
1129 2633 1183 2716 qui
1207 2653 1315 2699 amore

144 2744 381 2809 contentionum
399 2743 543 2826 exagitet
560 2741 774 2825 adversarios,
791 2740 848 2807 sed
864 2740 1073 2808 humanitatis
1089 2740 1195 2808 studio
1209 2741 1315 2807 omnia

252 2958 277 3022 1)
298 2955 340 3012 Of.
361 2963 483 3013 nostrae
503 2955 720 3013 dissertationis
738 2974 766 3028 p.
777 2956 862 3026 25sq.
875 2985 910 2996 -
923 2957 1005 3014 Inter
1023 2957 1089 3011 illos
1113 2960 1215 3011 autem
1234 2957 1316 3011 locos

144 3065 162 3100 a
182 3046 313 3102 Macaria
341 3047 551 3116 superadditos
581 3061 670 3114 nunc,
699 3062 759 3116 quo
788 3049 886 3116 magis
905 3046 1094 3101 Platonicum
1113 3046 1316 3116 Porphyrium

144 3137 311 3206 philosophi
340 3137 442 3206 capita
471 3138 625 3206 scripsisse
653 3137 741 3190 nobis
770 3136 997 3205 persuademus,
1027 3152 1062 3190 eo
1091 3137 1190 3206 magis
1215 3137 1315 3190 omnia

144 3225 287 3279 videntur
314 3225 455 3279 habenda
484 3240 558 3292 esse,
587 3239 666 3292 quae
696 3224 908 3294 p,165,9sqq.
937 3225 1089 3296 leguntur.
1138 3225 1213 3278 Mira
1242 3240 1316 3278 sane

146 3313 228 3378 apud
248 3327 403 3382 paganum
423 3320 502 3366 esset
521 3312 682 3367 multitudo
703 3315 920 3368 sententiarum
947 3330 985 3368 ex
1012 3316 1151 3369 omnibus
1177 3315 1315 3384 partibus

146 3413 168 3451 s.
188 3400 355 3468 scripturae
383 3403 598 3468 eorreptarum,
626 3402 867 3456 introductarum
896 3418 968 3457 vero
998 3405 1084 3472 quasi
1109 3403 1315 3459 aChristiano

147 3487 248 3541 verbis
267 3488 331 3540 ὑπὸ
350 3492 411 3540 rob
431 3488 506 3542 υἱοθ
517 3489 704 3568 Ιὡμολόγηται
718 3490 756 3558 (v.
766 3491 821 3558 10),
834 3490 964 3558 Ἰωάννης
983 3494 999 3546 ό
1020 3493 1207 3564 βαπτιστής
1220 3493 1259 3559 (ν.
1272 3493 1316 3559 11)

146 3580 190 3630 καὶ
207 3576 241 3630 oi
259 3581 405 3644 προφῆται
433 3578 515 3632 nullo
542 3578 753 3647 explicationis
772 3580 867 3634 verbo
888 3581 1004 3649 addito,
1034 3581 1132 3650 magis
1157 3583 1246 3635 etiarn
1266 3582 1317 3634 mi·

145 3665 242 3720 randa
261 3666 469 3734 interpretatio
490 3667 649 3736 quaedam,
679 3682 768 3736 quarn
787 3669 837 3721 vix
858 3669 947 3722 horno
968 3685 1028 3723 non
1042 3667 1231 3743 Christianus
1250 3686 1316 3740 pro-

144 3756 224 3810 ferre
244 3756 351 3825 potnit,
370 3769 439 3809 eum
457 3770 496 3808 ex
516 3756 617 3811 verbis
636 3755 725 3823 πάτερ
745 3757 822 3824 κύριε
840 3761 892 3810 τοθ
912 3753 1094 3824 οὺρανοθκαὶ
1106 3762 1158 3824 της
1176 3762 1229 3824 γῆς
1248 3774 1317 3812 con·

144 3846 254 3900 iunctis
273 3844 375 3898 verbis
394 3845 483 3912 πάτερ
503 3849 532 3899 et
550 3850 601 3899 τοθ
621 3846 744 3912 οθρανοθ
765 3847 863 3912 Deum
885 3847 960 3900 caeli
979 3852 1096 3916 patrem
1120 3847 1232 3901 dictum
1252 3862 1317 3901 esse

145 3951 242 4003 nemo,
263 3935 378 4004 opinor,
398 3934 556 4002 effecisset,
575 3935 633 3990 nisi
662 3951 729 3990 cum
750 3935 926 3992 Christianis
950 3941 980 3990 et
999 3936 1121 3990 Iudaeis
1141 3951 1157 3990 e
1177 3938 1317 3990 versione

145 4023 228 4077 LXX
246 4025 445 4092 interpretum
465 4039 540 4080 voce
560 4024 656 4091 κυρίου
676 4031 710 4078 ut
730 4025 778 4080 dci
797 4026 918 4080 nomine
938 4027 1059 4095 proprio
1079 4026 1125 4079 uti
1142 4029 1318 4080 consuesset

146 4113 504 4182 (κόριοςετι-ικ--τιιπιη
533 4114 664 4184 denique
691 4115 887 4186 philosophus
916 4115 1151 4185 Neoplatonicus
1180 4116 1233 4168 vix
1259 4115 1316 4168 deo

145 4217 287 4270 supremo
316 4201 497 4274 intelligibili
527 4205 727 4273 quaesivisset
754 4205 853 4260 locum
876 4206 962 4274 quasi
983 4205 1120 4271 καθέδραν
1139 4207 1178 4269 (v.
1191 4205 1243 4271 16),
1263 4203 1317 4258 sed

146 4291 295 4345 Macarius
309 4307 336 4360 p.
349 4291 408 4359 188,
419 4293 454 4346 30
462 4309 525 4363 sqq.
539 4295 654 4349 maiore
673 4295 772 4349 studio
791 4295 849 4349 hoe
869 4299 898 4349 et
917 4297 988 4349 κατὰ
1007 4295 1094 4362 ῥητὸν
1113 4299 1143 4349 et
1162 4292 1223 4348 κατ’
1236 4293 1317 4358 ἀλλη-

144 4380 243 4448 γορῐαν
262 4380 328 4435 vult
347 4382 510 4451 explicare,
531 4398 620 4452 quam
641 4389 753 4439 utnon
773 4385 870 4454 ipsum
896 4385 926 4438 in
953 4386 1130 4454 quaestione
1149 4384 1317 4440 adversarii

146 4486 251 4525 ansam
270 4471 328 4525 sibi
347 4470 500 4526 addidisse
518 4474 662 4544 suspicer.
