3060 5086
568 263 863 342 ¹-14-

188 461 284 526 quem
307 443 421 508 librum
445 445 471 509 si
496 442 744 529 discerpendum
768 444 831 510 sibi
854 451 1057 530 proponeret,
1087 446 1241 530 optimam
1271 449 1359 510 certe

188 551 390 617 occasionem
417 556 532 616 nactus
560 570 631 617 esse
660 552 723 618 sibi
753 551 924 617 videbatur
960 551 1123 635 fidelibus,
1160 573 1231 618 cum
1267 551 1360 636 quasi

188 657 321 723 Graccis
345 678 400 724 eos
424 657 556 724 doceret
579 659 773 744 respondere
797 659 972 725 secundum
998 661 1103 746 operis
1127 659 1254 725 titulum
1278 658 1360 724 duro*

188 769 344 844 κριτικῶν,
380 785 502 850 revera,
528 785 746 850 quascumque
770 768 873 849 quivis
897 775 1042 834 moverat
1066 767 1293 850 dubitationes,
1318 785 1359 831 ex

188 873 356 940 sententiis
372 872 573 940 orthodoxae
590 873 774 958 theologiae
791 873 934 940 tollendi.
976 874 1070 957 Quid,
1095 876 1123 940 si
1139 875 1227 939 illum
1244 874 1359 938 librum

187 1017 231 1026 -
259 999 351 1062 quem
380 980 478 1046 semel
511 986 689 1046 statuamus
721 981 820 1047 fuisse
844 981 1013 1067 Porphyrii
1048 982 1127 1047 κατὰ
1157 981 1359 1060 Χριστιανῶν

188 1106 267 1172 opus
291 1087 481 1154 Christianis
505 1094 593 1153 certe
622 1090 761 1171 omnium
792 1091 930 1156 maxime
959 1090 1097 1155 inrisum
1121 1125 1165 1136 —
1188 1087 1360 1154 nemodum

186 1194 385 1261 refutaverat
401 1195 461 1262 nisi
474 1194 656 1262 Methodius
673 1201 705 1261 et
717 1197 884 1280 Eusebius,
909 1195 1109 1280 quiquidem
1126 1201 1201 1262 ante
1218 1195 1358 1278 fuerant,

189 1321 284 1386 quam
308 1303 472 1387 theologia
495 1324 571 1369 vere
600 1303 781 1370 orthodoxa
811 1305 957 1391 perfecta
990 1310 1048 1389 est,
1083 1312 1115 1371 ιι
1139 1301 1360 1389 Apollinarius

186 1408 392 1476 Laodicenos
415 1409 585 1478 haereseos
608 1411 662 1477 ille
685 1419 762 1479 nota
786 1413 958 1498 aspersus?
1005 1413 1120 1482 Nonne
1144 1413 1241 1478 etiam
1265 1430 1359 1496 prae·

187 1516 305 1583 clarius
329 1517 500 1584 videbatur
526 1520 748 1604 propositum?

666 1825 880 1834 ἡ

698 2163 777 2249 Cap.
802 2165 845 2229 ΙΙ.

264 2360 338 2450 Qua
361 2362 504 2429 rabono
527 2359 728 2428 aduersarii
752 2362 877 2444 partes
901 2360 1079 2428 lfacarius
1103 2361 1142 2426 in
1166 2361 1277 2427 libris

550 2466 764 2549 ἀποκριτικῶν
787 2467 993 2536 affluxerit.

293 2648 385 2728 Quod
409 2647 571 2733 inpriore
601 2648 708 2732 capite
740 2647 896 2732 suspicati
930 2667 1037 2714 sumus
1061 2648 1247 2730 Macarium,
1284 2667 1356 2712 cum

186 2757 360 2841 effingeret
393 2754 566 2838 dialogum,
602 2773 643 2819 ex
666 2754 774 2836 aliquo
806 2753 885 2819 libro
910 2754 1035 2821 Graeco
1065 2774 1121 2821 eas
1154 2754 1358 2838 quaestiones

186 2862 370 2950 sumpsisse,
404 2880 483 2945 quas
510 2866 690 2925 moventem
719 2859 800 2925 facit
824 2858 1043 2926 adversarium
1077 2882 1178 2944 suum,
1215 2861 1249 2926 id
1274 2883 1357 2929 com-

187 2972 362 3057 probarunt
375 2969 435 3035 viri
448 2967 536 3033 docti
549 2967 748 3050 argumentis
760 2967 969 3051 gravissimis,
984 2969 1356 3052 Duehesnius(l.l.p.21)

188 3075 273 3164 ,stili
297 3075 487 3161 disparitate
512 3080 544 3139 et
568 3072 697 3139 diversa
721 3073 886 3160 pugnandi
911 3073 1055 3141 ratione“
1075 3075 1126 3140 vel
1147 3095 1196 3158 eo,
1222 3074 1307 3157 quod
1324 3077 1356 3139 in

185 3186 305 3272 pagani
317 3181 626 3249 incriminationibus
645 3181 743 3267 ,nihil
760 3202 800 3247 ex
817 3183 959 3267 pondere
975 3181 1175 3248 detractum“
1196 3182 1355 3265 videatur,

188 3293 286 3380 ,nihil
299 3313 339 3358 ex
352 3291 428 3358 felle
440 3290 625 3372 malitiaque
643 3288 872 3374 deminutum“,
889 3290 1029 3357 Zahnius
1046 3296 1154 3357 autem
1169 3291 1355 3376 (lapsos)

187 3399 382 3465 differentiis
405 3397 547 3463 locorum
572 3416 589 3461 e
612 3417 637 3462 s.
659 3397 818 3483 scriptura
842 3399 936 3464 simul
959 3398 1137 3463 aMacario
1162 3404 1195 3463 ιι
1218 3399 1286 3463 eius
1302 3396 1357 3463 ad·

186 3506 328 3573 versario
364 3506 533 3570 allatorum
544 3507 579 3585 ¹).
626 3503 860 3591 Comprobatur
891 3511 998 3571 autem
1029 3525 1067 3572 eo
1101 3526 1238 3589 quoque,
1272 3503 1356 3587 quod

293 3720 319 3788 1)
339 3719 443 3773 Pauca
467 3718 589 3786 quidem
612 3719 713 3773 attulit.
741 3718 881 3788 exempla
905 3733 1005 3788 neque
1034 3733 1070 3772 aa
1097 3718 1292 3788 gravissima,
1320 3717 1355 3770 si·

185 3811 306 3880 quidem
325 3824 388 3863 uno
412 3809 475 3861 loco
502 3806 568 3870 (Mc.
589 3807 614 3873 5,
626 3807 652 3872 9,
671 3824 698 3877 p.
718 3808 761 3876 55,
774 3809 805 3862 ἵε
832 3809 875 3860 ὅτι
894 3807 993 3860 πολλοι
1013 3836 1046 3845 -
1066 3824 1093 3876 p.
1108 3807 1149 3872 77,
1164 3807 1212 3859 28:
1238 3806 1356 3873 λεγεὼν)

185 3899 353 3954 adversarii
372 3899 490 3951 textum
509 3897 717 3952 nesciocuius
739 3897 813 3952 vitio
834 3903 1008 3966 corruptum
1029 3911 1094 3950 esse
1114 3910 1224 3948 censeo
1245 3897 1355 3950 omissa

185 4003 260 4046 voce
274 3988 394 4054 barethu,
414 3985 452 4039 de
472 4000 532 4054 qua
551 4000 590 4039 ne
605 3985 756 4040 Macarius
776 3985 898 4054 quidem
917 3992 978 4040 tarn
997 3985 1092 4038 multa
1111 3984 1311 4054 disseruisset,
1331 3987 1356 4040 si

185 4077 223 4130 ab
238 4075 414 4131 adversario
430 4075 551 4129 omnino
565 4090 625 4128 non
641 4074 723 4128 dieta
742 4078 829 4140 esset,
848 4074 944 4128 altero
963 4077 1064 4128 autem
1083 4072 1151 4126 loco
1170 4073 1196 4136 (I
1209 4071 1310 4143 Confi,
1322 4075 1353 4128 11

185 4183 213 4236 p.
228 4165 286 4233 198,
299 4165 333 4219 10
351 4171 381 4218 ιι
400 4181 428 4234 p.
442 4164 561 4232 206,1‘2;
580 4163 641 4230 208,
655 4164 702 4232 21,
722 4164 782 4231 210,
795 4165 821 4228 l)
841 4163 1046 4233 discrepantia
1060 4163 1142 4215 vocis
1159 4163 1230 4217 ἀλλά
1243 4171 1273 4219 ιι
1287 4163 1357 4229 ἀλλ’,

185 4256 262 4309 sicut
282 4256 313 4308 in
334 4255 474 4314 omnibus
494 4254 577 4316 libris
595 4254 727 4322 antiquis
740 4253 943 4319 restituendis,
964 4252 1047 4305 nihili
1062 4256 1116 4321 est,
1135 4268 1234 4322 coque
1249 4254 1355 4324 magis,

185 4344 267 4414 quod
287 4343 437 4398 Macarius
456 4345 554 4398 tribus
571 4344 644 4398 locis
663 4344 728 4412 ipse
748 4343 804 4396 sibi
823 4359 885 4398 non
904 4346 1031 4397 constat.

234 4435 237 4442 '
292 4430 432 4486 Ceterum
452 4434 483 4485 in
503 4433 640 4502 plurimis
651 4433 800 4502 capitibus
816 4433 931 4501 aliquid
944 4438 988 4487 est
1001 4432 1162 4486 dicendum
1177 4431 1215 4484 de
1227 4432 1355 4500 ratione,
