3060 5086
679 273 854 326 -11-

288 453 398 519 Priore
422 460 529 520 autem
546 453 638 519 titulo
654 452 867 532 inerpretatio
883 453 1098 538 significatur,
1123 458 1158 519 ut
1175 454 1240 518 iam
1256 452 1351 522 Nice-

181 559 300 646 phorus
335 560 518 645 patriarcha
553 560 679 642 vidit¹)‚
719 562 774 626 illo
815 561 897 627 libro
936 559 1124 646 responderi
1159 559 1350 643 quibusdam
1384 557 1386 564 ’

182 668 455 751 quaestionibus²)
472 668 523 734 vel
540 669 687 752 praeberi
711 675 911 752 argumenta,
937 668 1052 750 quibus
1069 667 1140 750 quis
1156 665 1351 752 respondeat

182 774 299 840 talibus
314 774 561 858 quaestionibus.
591 775 719 840 Etenim
732 775 893 842 Macarius
906 775 1115 856 Theostheni,
1135 775 1244 840 amico
1259 774 1350 840 bene-

181 881 400 948 volentissimo
414 884 450 964 ³),
493 881 742 968 disputationem
775 881 958 948 describere
995 881 1120 948 videtur
1156 903 1175 946 a
1209 901 1243 947 se
1278 901 1351 946 cum
1407 955 1411 966 ,

181 987 373 1074 philosopho
396 1011 523 1075 pagano
548 990 763 1075 compluribus
788 989 900 1055 diebus
915 989 1096 1055 institutum
1112 989 1169 1072 ita,
1194 995 1229 1055 ut
1244 989 1352 1071 singu·

182 1095 284 1161 lorum
320 1097 443 1163 dierum
477 1103 640 1164 certamen
674 1097 809 1182 singulis
844 1098 934 1164 libris
969 1099 1179 1164 contineatur.
1230 1097 1273 1161 Et
1305 1097 1352 1162 ita

182 1203 310 1285 quidem
335 1205 482 1290 procedit
506 1205 620 1288 oratio,
644 1211 679 1270 ut
703 1225 829 1290 semper
845 1204 1065 1291 philosophus,
1089 1225 1151 1271 as.
1171 1204 1351 1290 scripturae

181 1309 261 1376 locis
277 1312 462 1396 plerumque
479 1333 610 1380 exorsus
633 1313 746 1378 scriem
765 1315 985 1397 quaestionum
1002 1313 1053 1379 vel
1070 1312 1351 1397 exprobrationum

182 1418 336 1502 proferat,
360 1421 424 1500 iam
441 1420 601 1487 Macarius
618 1427 745 1487 servato
762 1420 873 1487 ordine
890 1427 1148 1506 argumentorum
1164 1419 1207 1488 ad
1223 1418 1351 1504 singula

182 1526 388 1610 respondeat.
850 1581 852 1585 -

289 1635 381 1701 Hanc
412 1635 546 1702 formam
579 1638 734 1702 sermonis
757 1658 777 1702 a
800 1635 990 1704 Christianis
1019 1655 1091 1709 cum
1120 1634 1268 1720 paganis,
1299 1634 1351 1699 Iu-

182 1737 283 1823 daeis,
310 1741 483 1810 haereticis
510 1743 613 1810 habiti
637 1743 723 1809 haud
742 1764 820 1822 raro
844 1742 1015 1809 adhibetur
1038 1741 1125 1828 apud
1150 1741 1350 1809 Christianos

180 1847 353 1933 scriptores
377 1849 419 1916 ad
444 1851 651 1936 exponendas
674 1851 754 1918 fidei
771 1852 821 1917 vel
838 1850 1021 1934 theologiae
1045 1850 1267 1931 sententias⁴);
1292 1846 1350 1914 sed

64 1977 68 1988 ·
115 1973 118 1977 ·
183 1974 254 2021 cum
278 1957 370 2024 initio
400 1958 529 2043 quidem
559 1957 599 2024 de
628 1958 790 2024 cotidiano
826 1978 883 2024 usu
918 1959 950 2023 in
982 1958 1082 2025 libros
1117 1957 1350 2043 disputationes

182 2064 439 2148 transferrentur,
475 2067 564 2132 brevi
599 2086 687 2132 mera
720 2067 823 2132 evasit
851 2066 955 2132 forma
978 2065 1150 2144 scribendi.
1196 2066 1245 2130 Ac
1268 2065 1350 2130 bene

181 2169 320 2240 Adolius
343 2173 498 2240 Harnack
520 2174 661 2255 monet5)
695 2175 867 2259 scriptores
895 2173 1020 2240 illorum
1053 2173 1253 2258 dialogorum
1286 2192 1351 2238 non

181 2284 246 2343 tam
271 2297 326 2344 eos
349 2286 523 2364 spectasse,
557 2299 637 2363 quos
669 2281 781 2347 titulus
811 2282 999 2366 appellaret,
1032 2301 1128 2364 quam
1161 2280 1216 2363 qui
1247 2282 1350 2346 intra

288 2565 316 2636 1)
335 2565 367 2619 Ρ.
380 2564 441 2632 306,
457 2565 490 2618 17
510 2565 556 2620 ed.
574 2564 646 2620 Pitr.

268 2654 315 2723 .2)
333 2654 464 2710 Perinde
483 2656 564 2710 acsi
584 2670 660 2725 opus
679 2656 856 2726 inscriptum
876 2660 955 2712 esset
977 2657 1145 2724 ἀποκρίσεις,
1173 2659 1252 2713 sicut
1270 2659 1350 2728 frag-

180 2749 282 2800 menta
301 2744 475 2799 Macariana
500 2745 736 2800 introducuntur
761 2747 792 2800 in
818 2745 1000 2826 quibusdam
1029 2748 1268 2802 testimoniorum
1294 2748 1350 2802 col-

180 2835 362 2890 lectionibus
389 2836 437 2899 (ef.
458 2834 665 2891 Duchesnium
690 2837 708 2890 l.
727 2837 745 2891 l.
770 2854 798 2907 p.
818 2838 908 2907 6sq.).
937 2865 971 2876 -
1000 2835 1138 2906 Namque
1167 2839 1223 2892 etsi
1251 2839 1351 2892 lexica

181 2925 332 2980 adiectivo
358 2925 537 2992 ἀποκριτικός
562 2926 676 2981 nullam
702 2928 873 2982 concedunt
898 2928 958 2982 vim
982 2929 1038 2982 nisi
1060 2928 1120 2994 „rei
1146 2927 1350 2992 discernentis,

181 3019 271 3084 aptae
295 3015 334 3069 ad
355 3015 615 3082 discernendum“‚
643 3019 746 3071 tamen
770 3017 818 3072 hic
841 3017 970 3072 nominis
996 3017 1174 3084 ἀποκρίσεων
1200 3017 1350 3087 quaedam

181 3105 365 3174 periphrasis
385 3105 507 3160 subesse
526 3105 599 3159 mihi
618 3105 739 3160 videtur
759 3107 786 3160 ei
805 3106 916 3173 similis,
941 3122 1001 3175 qua
1021 3108 1052 3162 in
1073 3108 1240 3176 posteriore
1259 3105 1351 3162 Grae·

181 3196 272 3248 citate
297 3195 417 3249 articuli
440 3197 582 3250 neutrum
607 3196 737 3250 maxime
765 3196 872 3266 plural.
898 3211 966 3250 cum
994 3198 1177 3252 substantivi
1205 3198 1349 3266 genetivo

182 3284 376 3338 coniunctum
396 3284 615 3339 circumscribit
627 3285 754 3353 simplex
768 3286 1001 3354 substantivum,
1021 3286 1109 3340 cuius
1121 3287 1242 3356 figurae
1256 3287 1351 3340 multa

182 3372 321 3440 exempla
349 3373 500 3442 congessit
527 3372 640 3427 Paulus
659 3371 830 3428 Wendland
857 3375 889 3427 in
919 3374 1019 3430 indice
1048 3375 1187 3430 editionis
1211 3374 1349 3430 Aristeae

181 3477 209 3529 p.
223 3459 284 3526 203,
304 3461 398 3514 multa
417 3460 499 3530 apud
518 3462 617 3530 ipsum
637 3477 759 3531 quoque
778 3462 943 3518 Macarium
965 3465 1173 3533 inveniuntur,
1203 3479 1220 3520 e
1239 3465 1351 3533 quibus

182 3550 241 3603 huc
258 3550 390 3604 maximo
408 3554 547 3620 spectant
566 3551 656 3605 haec:
675 3551 711 3605 τὰ
729 3555 780 3618 τῆς
793 3552 967 3619 ἀποκρίσεως
986 3553 1090 3622 37,10;
1109 3555 1145 3607 τὰ
1157 3558 1215 3608 τῶν
1229 3554 1350 3621 ἀπορου-

182 3639 273 3705 μένων
284 3638 354 3708 inb,
366 3639 391 3694 6.
403 3640 433 3709 73
452 3641 489 3693 τὰ
507 3645 567 3693 τῶν
586 3640 763 3708 ἀποκρίσεων
784 3641 843 3709 194,
855 3644 882 3711 1;
901 3643 937 3695 τὰ
949 3647 1008 3696 τῶν
1020 3644 1187 3710 προτάσεων
1205 3641 1266 3712 206,
1277 3645 1302 3697 6.
1316 3674 1349 3682 -

181 3727 327 3784 Conferas
355 3730 445 3784 etiam
471 3730 591 3784 titulum
616 3729 847 3799 ἀντιρρηπικων,
876 3746 966 3801 quem
990 3737 1057 3802 post
1076 3731 1256 3802 Gregorium
1274 3732 1349 3802 Nys-

128 3875 137 3902 ι
181 3833 287 3873 senum
316 3818 388 3886 (vid.
409 3818 643 3874 Bardenheweri
666 3818 818 3890 Patrolog.
839 3837 867 3890 p.
880 3820 944 3886 iih)
972 3821 1058 3876 multi
1084 3821 1245 3891 scriptores
1269 3819 1350 3876 Chri·

181 3910 271 3963 stiani
289 3909 397 3963 libellis
416 3910 479 3963 suis
497 3909 681 3964 indiderunt.

287 3998 314 4064 a)
335 3996 378 4054 cr.
397 4014 425 4068 p.
437 3983 513 4066 ὀνο
532 4003 562 4052 ee
581 3998 672 4064 maa
691 3997 797 4054 arona.

286 4086 314 4151 4)
334 4086 369 4140 ln
388 4087 565 4142 universum
588 4089 624 4141 ci.
645 4087 683 4142 de
702 4088 747 4142 his
766 4088 889 4143 Rudolii
908 4088 1009 4144 Hirzel
1033 4089 1143 4143 librum
1163 4088 1200 4144 de
1219 4089 1348 4159 Dialogo

179 4175 209 4229 II
227 4175 280 4229 368
292 4191 356 4245 sqq.

286 4264 315 4331 b)
335 4265 369 4318 ln
388 4266 634 4321 dissertationum
654 4267 732 4322 serie
752 4268 875 4338 abipso
895 4272 924 4322 et
943 4266 1130 4322 Gebhardtio
1151 4267 1241 4335 edita,
1270 4282 1348 4336 quae

180 4355 355 4409 inscribitur
369 4355 483 4423 „Texta
495 4371 524 4410 u.
538 4355 815 4424 Untersuchungeu
835 4374 859 4410 z.
876 4355 982 4411 Gesch.
997 4357 1025 4410 d.
1039 4357 1193 4412 altchristl.
1206 4355 1345 4412 Literat.‘⁴

181 4443 279 4498 tomi
297 4443 389 4511 (1883)
409 4444 480 4499 fasc.
495 4443 519 4499 2.
