3060 5086
657 260 834 314 ,31-

157 441 291 525 singulis
316 441 412 506 iactis
436 461 549 526 parum
575 446 758 524 constanter
783 459 852 503 eam
886 437 1108 523 respicientem
1142 437 1323 520 imaginem,

158 571 252 632 qnam
267 552 327 638 ipsi
347 551 520 637 scriptores
543 552 694 616 librorum
711 570 874 615 sacrorum
892 547 932 613 de
949 547 1074 612 Christo
1092 543 1329 630 depingendam

157 659 219 722 sibi
254 661 486 744 proposuerint,
523 679 586 742 qna
614 678 649 722 re
679 657 712 721 id
746 676 871 739 quoque
906 653 1093 720 ostendatur
1127 653 1208 734 illos,
1247 671 1329 734 quae
1371 699 1373 704 -

157 762 301 831 scriber'e
326 763 469 850 vellent,¹
489 773 564 832 aute
589 766 890 860 constituissqnon
915 762 1102 848 simpliciter
1127 782 1165 825 ao
1189 760 1330 825 fideliter

157 869 379 958 descripsisse,
405 895 488 958 quae
511 875 601 938 iacta
624 880 759 939 essent·

269 979 358 1056 Quae
384 1001 454 1045 cum
478 982 525 1045 ita
549 981 621 1062 sint,
647 1001 687 1044 ne
710 979 782 1043 illas
806 977 934 1061 quidem
959 997 1020 1059 res,
1046 991 1132 1072 quas
1150 996 1220 1040 cum
1235 975 1328 1041 Celso

158 1093 268 1152 noster
292 1109 473 1153 communes
502 1089 608 1170 habet,
629 1087 707 1152 ullo
740 1085 834 1152 modo
868 1085 972 1151 ordini
1005 1085 1233 1150 sententiarum
1259 1083 1329 1148 Cel-

159 1195 318 1258 sianarnrn
342 1195 438 1259 inseri
458 1215 554 1281 posse
577 1181 641 1259 non
665 1194 822 1258 mirabere
845 1211 949 1274 neque
973 1190 1130 1275 suspicari
1154 1188 1242 1272 licet,
1266 1189 1328 1256 nisi

158 1301 318 1367 Macarius
352 1309 540 1385 argumenta
573 1301 750 1368 divellisset
783 1299 988 1366 retractando
1022 1297 1212 1380 divulsaque
1245 1317 1329 1362 novo

157 1409 294 1474 fortasse
324 1429 408 1473 nexu
443 1408 585 1491 ligasset,
619 1409 732 1474 melius
765 1429 832 1473 rem
864 1427 1083 1491 processuram
1108 1425 1187 1492 esse,
1235 1404 1327 1470 Adeo

157 1517 242 1580 enim
274 1517 438 1598 utriusque
468 1523 537 1582 tota
570 1516 651 1582 ratio
686 1515 784 1580 distat
818 1535 888 1580 mea
921 1515 1090 1594 sententia,
1127 1520 1193 1578 tarn
1229 1513 1330 1578 multa

156 1627 327 1706 praeterea
350 1624 501 1706 leguntur
521 1622 803 1708 spadonumque,
829 1641 912 1704 quae
929 1621 1021 1686 alteri
1040 1620 1136 1696 tribui
1154 1628 1327 1704 nequeunt,

156 1734 192 1793 ut
215 1749 255 1794 ne
279 1729 312 1793 in
336 1750 374 1795 eo
399 1729 527 1813 quidem
545 1751 615 1795 oum
632 1729 814 1795 Dnchesnio
831 1749 891 1812 ego
909 1728 1116 1808 consentiam,
1143 1726 1228 1811 quod
1246 1748 1327 1793 corn-

157 1843 271 1920 parata
296 1837 379 1916 Celsi
403 1845 435 1903 et
458 1837 559 1904 nostri
583 1837 706 1903 ratione
731 1835 896 1921 pugnandi
921 1837 964 1920 (p.
983 1835 1039 1916 22)
1063 1855 1180 1901 novum
1204 1834 1328 1919 hostem

152 1945 369 2010 ,insurrexisse
393 1947 454 2028 ait,
488 1965 588 2012 novas
611 1945 644 2009 in
668 1945 786 2010 bellum
811 1952 897 2010 artes
921 1949 977 2009 aut
1001 1964 1086 2009 nova
1110 1943 1175 2008 tela
1199 1963 1261 2008 non
1285 1943 1330 2008 in·

157 2050 276 2117 tulisse.
313 2053 361 2118 ric
384 2074 425 2117 ne
449 2075 507 2138 pro
530 2060 618 2119 certo
635 2052 762 2137 quidem
780 2052 945 2117 habuerim
959 2053 1092 2118 Macarii
1110 2051 1328 2118 adversarium

117 2241 121 2245 .
158 2157 241 2223 Celsi
279 2160 375 2225 libros
411 2163 595 2245 priusquam
631 2181 688 2226 sua
726 2161 951 2242 conscriberet,
988 2160 1116 2227 omnino
1151 2161 1329 2244 inspexisse

156 2285 270 2348 neque,
305 2287 387 2349 quae
416 2270 535 2352 pariter
559 2274 656 2351 atque
680 2269 734 2333 ille
760 2268 950 2334 Christianis
973 2269 1071 2332 infert
1096 2269 1238 2350 erimina,
1272 2289 1329 2352 pro

157 2367 203 2437 rei
227 2373 434 2438 similitudine
458 2373 574 2440 similia
598 2374 638 2438 de
662 2373 719 2440 suo
743 2375 922 2458 protulisse.
959 2375 1090 2440 Praeter
1114 2375 1195 2440 haec
1219 2376 1328 2440 omnia

158 2487 335 2565 temporum
360 2482 510 2564 rationes,
536 2501 615 2564 quas
636 2480 721 2565 apud
743 2488 887 2546 nostrum
911 2482 1100 2563 invenimus,
1125 2481 1326 2551 nullomodo

158 2589 354 2653 conveniunt·
374 2588 510 2673 Cels01),
536 2589 630 2671 quem
653 2587 735 2652 inter
759 2607 859 2652 annos
887 2587 946 2653 111
973 2595 1005 2651 et
1032 2589 1094 2651 180
1125 2607 1199 2654 suos
1228 2588 1327 2654 libros

158 2697 385 2780 conscripsisse
421 2697 593 2777 constat2),
628 2714 764 2776 namque
799 2716 830 2779 p.
857 2695 933 2776 201,
960 2693 980 2779 b
1014 2693 1214 2760 Christianos
1248 2693 1328 2761 dicit

160 2822 358 2886 paganorum
382 2803 502 2887 templa
525 2803 665 2869 imitatos
689 2803 846 2868 maximas
880 2801 978 2866 aedes
1011 2821 1120 2868 sacras
1148 2809 1327 2884 exstruere,

160 2929 231 2974 cnm
255 2909 366 2975 Celsus
398 2903 558 2996 expressis
592 2911 698 2978 verbis
723 2910 913 2976 Christianis
943 2909 1117 2995 exprobret
1141 2910 1243 2992 (VIII,
1263 2912 1329 2993 17),

159 3016 243 3100 quod
269 3017 466 3098 φεύγουσι
492 3021 620 3098 βωμοὺς
637 3020 688 3082 καὶ
703 3018 871 3096 ἀγάλματα
887 3019 939 3082 καὶ
955 3019 1054 3095 νεὼς
1078 3017 1328 3100 ἱδρύσασθαι,

159 3132 191 3189 et
214 3126 263 3190 bis
288 3123 331 3210 (p.
352 3127 425 3207 100,
443 3127 462 3190 6
480 3146 526 3208 sq.
544 3133 577 3191 et
595 3125 669 3202 163,
683 3126 716 3205 4)
743 3125 808 3189 300
833 3145 933 3190 annos
950 3125 1000 3189 vel
1018 3125 1154 3209 amplius
1171 3145 1211 3190 ex
1228 3127 1330 3210 prima

159 3232 324 3314 religionis
359 3231 559 3297 Christianae
592 3231 834 3315 praedicatione
869 3239 1017 3316 peractos
1041 3251 1120 3297 esse.
1168 3232 1232 3297 Sed
1259 3253 1328 3298 cum
1424 3225 1427 3229 ’

161 3355 270 3400 omnes
295 3337 360 3401 fere
392 3336 449 3422 viri
484 3336 570 3400 docti
605 3336 666 3401 hoc
700 3357 794 3401 unum
828 3338 982 3422 temporis
1016 3337 1169 3403 indicium
1203 3341 1329 3423 plurimi

160 3439 295 3505 iecerint
318 3443 350 3506 in
376 3443 505 3507 Macarii
530 3442 715 3509 adversario
739 3443 974 3527 investigando,
1000 3465 1061 3528 ego
1088 3464 1202 3511 censeo
1226 3466 1329 3529 neque

160 3559 373 3568 m*—

267 3622 293 3689 1)
314 3621 501 3691 Quamquam
516 3621 688 3676 Hadrianus
703 3622 822 3689 Caesar,
843 3637 902 3690 quo
923 3639 976 3690 per
997 3625 1235 3678 occasionemut
1249 3641 1329 3679 mon·

159 3710 270 3764 archae
294 3711 431 3780 exemplo
456 3712 551 3764 utitur'
573 3717 674 3766 noster
698 3711 1040 3778 119141111111101111
1062 3713 1154 3782 quam
1172 3715 1330 3782 posteriori

160 3801 301 3868 congruit
330 3801 476 3870 scriptori,
497 3801 550 3854 sed
581 3803 636 3854 hoc
664 3815 767 3866 unum,
789 3815 855 3854 cum
885 3807 991 3854 contra
1019 3807 1120 3856 cetera
1148 3809 1330 3871 argumenta

159 3887 230 3941 nihil
251 3890 358 3957 valeat,
378 3895 480 3944 nostro
500 3892 715 3958 condonemus,
734 3905 788 3944 cur
807 3892 905 3960 ipsum
926 3891 1006 3944 huuc
1025 3889 1237 3960 imperatorem
1257 3908 1330 3947 sanc

159 3978 189 4030 in
209 3978 315 4033 litteris
336 3981 572 4034 versatissimum
593 3979 756 4034 adduxerit
770 4010 802 4018 —
817 3996 856 4034 an
877 3996 915 4034 ex
936 3981 1037 4049 aliquo
1057 3981 1190 4049 aristone,
1211 3997 1248 4035 ex
1269 3999 1329 4052 quo

159 4068 287 4121 fortasse
307 4076 463 4123 mutuatus
483 4075 527 4124 est
546 4071 740 4124 monarchiae
760 4069 986 4125 definitionem?
1001 4100 1031 4128 ,-
1048 4085 1103 4122 nos
1123 4072 1240 4125 nescire
1262 4089 1330 4126 con·

158 4157 237 4210 fessi.
278 4156 427 4212 Macarius
446 4161 475 4212 111
496 4160 552 4213 hoc
572 4167 753 4229 argumento
774 4161 845 4212 nihil
866 4164 946 4214 certe
966 4160 1102 4227 mutavit,
1122 4175 1189 4214 cum
1215 4163 1329 4231 ipsein

159 4247 353 4314 responsione
373 4249 486 4316 (2118)
511 4249 642 4318 paulum,
663 4250 776 4319 opinor,
796 4248 943 4302 Hadriani
972 4249 1111 4318 exemplo
1142 4253 1329 4319 stupefactus

159 4337 283 4388 scribat:
302 4335 448 4402 Ἁδριανὸς
467 4340 483 4402 ἢ
505 4339 559 4392 καί
577 4356 628 4402 τις
647 4339 938 4406 κοσμοκρατὸρων
957 4340 1082 4404 ἕτερος.

159 4461 163 4467 -
266 4426 292 4490 9)
312 4424 377 4478 Vid.
398 4423 571 4480 Kootschau
591 4444 618 4497 p.
632 4428 665 4480 L.
