3060 5086
625 299 801 351 ...21-

122 478 268 562 ρ.16,5
294 484 328 544 et
354 479 410 560 163
438 478 567 561 18,19;
592 478 645 561 33,
662 477 729 559 91),
757 478 811 561 67,
828 479 863 557 3;
889 478 943 562 85,
959 479 1016 558 23;
1041 480 1129 561 91,3
1147 479 1188 546 al.
1214 479 1298 557 Quid

121 605 199 650 vero
225 585 280 651 bio
305 586 369 652 sibi
393 586 504 652 volunt
535 584 725 651 daemonum
760 585 894 652 consilia
926 586 1077 651 immania
1113 586 1215 652 fusius
1243 586 1298 652 de·

119 691 244 776 scripta
268 713 301 776 p.
320 693 374 775 53,
392 692 429 759 3:
454 692 601 772 χορεύειν
623 692 658 757 ἐν
684 693 815 778 βίῳκαὶ
843 692 993 770 παίγνιον
1020 697 1126 758 ποιεῖν
1157 695 1216 759 τὸν
1247 694 1299 759 κό-

121 813 208 878 σμον
232 797 427 882 ἀκόρεστον,
452 803 512 876 γῆν
536 803 702 878 συμμεῖξαι
726 801 776 863 καὶ
801 799 970 876 θάλατταν,
994 803 1137 879 στοιχεῖα
1166 801 1298 880 ταράξαι

118 911 158 990 τῇ
184 898 346 986 συγχύσει
370 913 443 988 etc,
468 925 550 989 quae
573 927 592 969 a
614 906 737 971 ratione
761 906 986 992 philosophica
1003 907 1097 974 valde
1114 907 1298 987 abhorrent,

123 1012 184 1078 sed
209 1014 333 1099 optime
364 1014 532 1080 concinunt
556 1033 626 1078 cum
652 1015 707 1096 eis,
743 1034 825 1096 quae
849 1014 913 1080 alio
936 1015 1007 1080 loco
1031 1003 1205 1082 Marcarius
1229 1036 1299 1101 pro-

120 1120 187 1185 fert
211 1142 244 1206 p.
262 1122 317 1204 29,
340 1122 396 1187 19;
429 1121 609 1200 προσδοκία
642 1122 758 1186 λοιπὸν
788 1121 838 1205 ἦν,
872 1123 912 1202 μὴ
946 1122 1068 1202 κόσμος
1102 1124 1297 1202 νεωτερίσας

121 1222 202 1302 ὅλος
219 1223 386 1304 αἰφνίδιον
401 1231 461 1303 γῆν
478 1223 648 1303 ἐργάσεται
658 1224 825 1290 ’θάλατταν
843 1227 894 1290 καὶ
910 1224 1008 1290 νύκτα
1024 1227 1083 1304 τὴν
1095 1225 1216 1305 ἡμέραν
1235 1232 1296 1292 etc.

119 1330 251 1397 Deinde
278 1332 497 1397 Macarianum
521 1332 649 1416 sapiunt
674 1351 764 1397 usum
788 1352 885 1398 voces
916 1334 1085 1398 scaenicae
1109 1331 1141 1398 in
1171 1353 1298 1398 sensum

118 1438 227 1522 magis
252 1439 438 1522 generalem
469 1457 642 1504 conversae
668 1440 755 1504 velut
778 1443 836 1519 τῆς
860 1443 997 1520 κωμικῆς
1022 1439 1147 1518 πλάνης
1172 1445 1204 1505 et
1227 1461 1298 1505 πεν-

116 1546 212 1610 θικὸν
237 1547 277 1610 τὸ
303 1545 434 1625 σύμπαν
457 1545 620 1610 ἐκτελέσαι
645 1546 790 1628 θέατρον,
816 1547 1002 1629 quibuscum
1028 1546 1175 1612 conferas
1199 1569 1230 1632 ρ.
1243 1549 1298 1630 43,
1405 1619 1407 1624 ,

117 1653 159 1718 13
172 1673 246 1736 sqq.
267 1652 402 1734 (Adami
419 1653 528 1738 lapsus
545 1653 836 1734 sequereturque),
861 1675 891 1738 p.
907 1655 959 1736 71,
976 1654 1011 1717 2:
1037 1654 1208 1734 συνέβαινε
1223 1669 1298 1734 σκη-

116 1761 177 1839 νὴν
201 1760 392 1846 τραγῳδίας
416 1762 645 1841 χαλεπωτέραν
669 1761 829 1842 γενέσθαι,
854 1761 922 1826 scil.
940 1761 1000 1825 nisi
1017 1760 1162 1826 Christus
1179 1763 1299 1847 passio·

118 1888 193 1933 nem
219 1867 269 1934 ad
293 1867 392 1932 finem
416 1868 611 1953 pertulisset,
636 1890 665 1953 p.
684 1868 738 1949 93,
755 1867 814 1935 25:
839 1872 897 1946 τῆς
918 1871 1040 1946 σκηνῆς
1062 1868 1165 1933 Ἰούδα
1180 1890 1298 1954 τραγῳ-

119 1981 188 2040 δεῖν
206 1977 272 2055 τὴν
289 1975 455 2052 ὑπόθεσιν,
480 1996 511 2059 ρ.
531 1975 604 2058 119,
622 1976 679 2040 23ε
704 1975 841 2055 θέατρον
856 1979 915 2054 τῆς
932 1974 1097 2055 εὐσεβείας
1116 1975 1166 2041 vel
1183 1976 1299 2043 similia

121 2104 153 2167 p.
174 2085 253 2165 121,
272 2083 308 2164 3;
336 2083 408 2164 122,
425 2082 464 2164 53
490 2083 564 2165 146,
580 2084 616 2165 43
646 2083 786 2166 itemque
810 2082 994 2148 Christiana
1019 2083 1176 2166 quaedam
1201 2085 1299 2149 verba

123 2189 291 2272 (ἄβυσσος
316 2212 346 2255 v.
370 2192 400 2272 7,
437 2210 557 2255 merum
591 2188 760 2270 ἀρχέκακοι
795 2189 836 2255 de
872 2190 1010 2257 diabolis
1045 2189 1165 2256 dietum
1200 2213 1230 2256 v.
1254 2191 1298 2272 8),

123 2298 312 2364 rhetoricae
336 2298 564 2362 sententiarum
587 2298 775 2363 iterationes
797 2297 1073 2379 membrorumque
1089 2297 1297 2382 parallelismi

120 2404 165 2469 ad
195 2405 332 2470 verbum
366 2401 681 2487 correspondentium
710 2403 798 2469 velut
827 2404 866 2468 τά
897 2409 1042 2482 στοιχεῖα
1071 2403 1297 2488 ἐκταράξαιτῇ

121 2510 285 2591 συγχύσει
308 2512 360 2575 καὶ
384 2510 486 2575 κτίσιν
510 2509 590 2587 ὅλην
614 2508 792 2588 ἀμαλδῦναι
816 2513 853 2586 τῆ
880 2509 979 2594 βλάβῃ
1004 2513 1048 2590 (v.
1065 2511 1108 2592 5),
1132 2511 1299 2575 fortiorum

123 2617 268 2700 denique
292 2617 459 2683 verborum
485 2637 543 2702 pro
567 2617 764 2701 simplicibus
795 2635 870 2682 usus
899 2615 988 2681 velut
1017 2617 1106 2681 verbi
1136 2617 1300 2697 (απ-)ἐργά
1383 2654 1389 2671 ·

124 2731 239 2792 ζεσθαι
255 2745 285 2790 v.
302 2727 317 2788 1
337 2732 369 2790 et
386 2726 406 2789 9
431 2744 502 2789 cum
527 2723 646 2808 duplici
663 2724 848 2789 accusativo
866 2723 1026 2790 coniuncti
1044 2724 1135 2805 quasi
1151 2727 1256 2788 ποιεῖν
1263 2725 1299 2804 ²).

237 2833 322 2897 Dein
351 2852 426 2898 vero
454 2838 594 2898 mutatur
624 2833 706 2899 ratio
731 2829 895 2914 loquendi:
930 2830 1042 2916 paucis
1075 2832 1159 2895 enim
1193 2829 1299 2896 verbis

127 2938 244 3004 sedate
268 2960 328 3006 nec
351 2941 419 3006 sine
443 2939 551 3024 aliqua
575 2939 678 3005 ironia
702 2939 881 3024 exponitur,
906 2938 991 3021 quod
1008 2937 1138 3023 saepius
1161 2936 1299 3023 aphilo·

127 3045 231 3130 sopho
267 3048 402 3134 proferri
438 3048 627 3128 videmusl),
663 3046 737 3112 ideo
765 3046 852 3112 illam
882 3046 1048 3113 historiam
1072 3046 1194 3113 *fictam
1229 3065 1299 3114 esse

127 3193 344 3204 ———.—-——-

241 3293 267 3361 l)
288 3294 352 3357 Quo
379 3293 445 3346 loco
471 3307 525 3360 pro
555 3292 691 3345 codicum
720 3295 750 3344 et
778 3291 929 3346 editorum
957 3292 1100 3347 lectione:
1128 3293 1211 3356 εὐθὺς
1238 3293 1300 3360 γάρ,

21 3443 22 3450 ¹
129 3377 224 3448 εὐθύς,
243 3382 267 3434 εί
285 3382 402 3448 Πιλάτιμ
422 3379 557 3444 συνέτυχε
577 3382 621 3432 καῖ
640 3385 698 3444 τοῖς
717 3379 786 3448 ἀμφ’
807 3381 893 3433 αύτδν
914 3380 1006 3448 ἀξίοις,
1027 3381 1141 3435 ἀνεῖπον
1160 3382 1299 3451 equidem

131 3469 325 3523 scribendum
346 3484 412 3524 esse
434 3483 544 3523 censeo
563 3471 609 3523 καῖ
627 3474 686 3534 τοῖς
705 3468 774 3537 ἀμφ’
786 3469 882 3534 αὐτὸν,
902 3469 1001 3534 ἀξίως
1020 3471 1059 3523 ἂν
1079 3473 1175 3525 είπον
1195 3475 1252 3526 κτλ.
1269 3500 1300 3510 -

132 3555 211 3622 Quid
231 3560 310 3613 enim
330 3564 375 3614 est
394 3557 545 3612 ἀνειπεῖνῖ
566 3559 637 3628 quid
652 3559 678 3612 oi
692 3558 760 3624 ἀμφ’
775 3559 862 3612 αὐτὸν
876 3561 963 3613 ἄξιοι
983 3560 1120 3627 nullane,
1141 3576 1201 3630 qua
1215 3561 1300 3630 digni

132 3649 200 3714 sint,
221 3645 346 3702 addita?

237 3738 266 3804 2)
285 3738 372 3803 Quod
384 3738 516 3792 Macerio
530 3737 620 3793 valde
634 3738 807 3792 adamatum
826 3741 883 3806 est,
902 3738 962 3792 vid.
977 3739 1140 3804 ἐργάζεσθαι
1160 3754 1188 3808 p.
1199 3737 1241 3806 20,
1252 3738 1300 3807 2ος

131 3830 174 3897 61,
188 3830 217 3897 4;
238 3829 280 3897 79,
292 3829 322 3897 43
341 3828 433 3897 81,18
452 3832 506 3882 ete.
544 3828 747 3896 ἀπεργάζεσθαι
768 3827 828 3896 104,
841 3827 897 3883 23
916 3831 946 3883 et
964 3827 1011 3896 32,
1035 3828 1094 3896 106,
1107 3827 1155 3895 33;
1180 3825 1301 3897 172,11;

134 3918 300 3987 187,16υ1.

238 4008 266 4075 3)
285 4007 328 4062 Oi.
349 4024 375 4078 p.
390 4007 432 4076 20,
447 4007 477 4075 2;
497 4007 539 4076 21,
553 4008 583 4076 63
602 4007 749 4077 22,1sqq.
770 4035 803 4046 —
823 4007 921 4062 Etiam
938 4008 970 4060 in
990 4007 1098 4062 ceteris
1119 4006 1301 4076 quaestioni-

132 4098 198 4164 bus,
219 4112 285 4151 cum
304 4099 358 4162 τὴν
377 4099 407 4152 ἐν
426 4103 468 4166 τῷ
488 4097 641 4166 εὐαγγελίῳ
660 4097 806 4165 τερθρείαν
826 4097 958 4153 traducit
977 4095 1128 4165 (velut2t,
1141 4096 1166 4163 1)
1187 4097 1235 4150 vel
1249 4097 1301 4149 οὐκ

133 4188 194 4241 ἄξια
212 4187 311 4249 παιδὸς
331 4190 397 4240 θεου
416 4188 452 4241 τὰ
471 4187 582 4254 ῥήματα
601 4187 656 4256 (53,
669 4188 697 4254 6)
717 4188 764 4242 vel
783 4187 865 4254 talia,
891 4187 930 4254 id,
953 4187 1067 4255 opinor,
1097 4186 1161 4241 vult
1182 4187 1301 4241 demon·

133 4279 229 4330 strare
252 4276 358 4330 -etsi
382 4278 510 4331 tortasse
536 4278 593 4331 hoe
618 4277 740 4346 saepius
765 4276 888 4346 paulum
915 4276 1090 4331 obscuravit
1110 4275 1233 4330 Maeotii
1257 4291 1301 4330 re-

132 4366 272 4419 tractatio
301 4394 332 4402 -
361 4365 453 4420 libros
473 4381 574 4420 sacros
596 4368 634 4420 ab
654 4366 826 4420 bominibus
849 4365 990 4435 malignis
1010 4365 1058 4420 vel
1082 4365 1175 4435 ipsius
1194 4363 1301 4420 Christi

134 4458 272 4508 naturam
294 4469 353 4508 non
374 4454 620 4525 intellegentibus
640 4456 826 4524 conscriptos
851 4469 925 4521 esse,
952 4469 1013 4508 non
1035 4455 1182 4510 eiusmodi
1201 4454 1302 4509 verbis
