3060 5086
711 260 884 316 -34..

213 439 314 524 primo
339 458 377 503 ea
401 437 613 522 traduntur1),
638 441 815 507 referemus
831 461 855 506 s.
873 441 1051 526 scripturae
1067 443 1211 508 intimam
1229 443 1411 524 notitiam,

215 566 308 628 quarn
335 547 467 610 miratur·
491 545 725 629 Lactantius2),
750 547 953 631 studiumque
977 548 1168 615 ostendendi
1193 570 1262 614 eam
1294 555 1412 614 totam

214 672 283 717 csse
319 653 523 737 contrariam,
559 661 727 738 practerea
762 655 850 720 Petri
885 663 917 720 et
951 657 1042 722 Pauli
1079 658 1329 722 accusationem
1372 663 1411 720 ut

215 759 366 824 fallaciae
391 761 617 826 seminatorum
643 760 935 846 discipulorumque
960 765 1050 846 quasi
1075 763 1200 828 rudium
1225 772 1332 846 atque
1360 765 1410 828 in·

214 865 380 932 doctorum
408 868 652 952 correptionem,
687 888 771 951 quae
795 871 900 935 omnia
924 872 1015 955 paria
1044 871 1180 936 inveniri
1210 872 1299 956 apud
1331 871 1441 938 Ma-.

199 974 296 1052 ¹carii
319 973 543 1060 philosophum
570 982 679 1041 censet
704 976 915 1042 Duchesnius.
940 1015 982 1023 -
1007 979 1050 1042 At
1074 999 1137 1062 qua
1166 980 1291 1042 ratione
1322 978 1410 1042 Hie·

212 1080 316 1146 rocles
340 1080 393 1146 ille
423 1080 576 1147 librorum
610 1102 771 1148 sacrorum
802 1085 905 1167 egerit
934 1105 1111 1168 censuram,
1147 1086 1306 1170 exemplis
1350 1105 1409 1150 co-

213 1189 325 1271 gnosci
341 1189 465 1271 nequit3
485 1209 547 1272 quo
561 1196 665 1255 autem
680 1190 750 1256 loco
768 1190 931 1275 apostolos
948 1190 1100 1275 traduxit,
1117 1193 1188 1278 ipsa
1204 1194 1273 1258 eius
1290 1193 1408 1258 verba

213 1293 346 1360 tradidit
359 1295 516 1362 Eusebius
541 1299 581 1375 (e.
601 1297 687 1362 Hier.
706 1299 766 1362 cf
784 1297 825 1362 ad
843 1297 930 1376 iln.):
955 1299 999 1362 τὰ
1024 1300 1090 1377 μὲν
1114 1300 1236 1377 Ἰησοῦ
1260 1299 1407 1378 Πέτρος
1513 1315 1514 1344 l

215 1403 267 1466 καὶ
290 1402 424 1481 Παῦλος
448 1405 499 1468 καί
524 1425 608 1483 τινες
633 1405 758 1470 τούτων
782 1409 1003 1485 παραπλήσιοι
1027 1408 1234 1489 κεκόμπασιν,
1269 1404 1406 1486 ἄνθρω-
1513 1395 1514 1444 1

213 1531 269 1575 ποι
293 1514 431 1590 ψεῦσται
454 1513 506 1575 καὶ
530 1510 768 1577 ἀπαίδευτοι
791 1515 852 1577 καὶ
875 1513 1034 1591 γόητες·
1064 1514 1108 1578 τὰ
1134 1515 1174 1577 δὲ
1198 1515 1404 1578 Ἀπολλω-

213 1619 301 1683 νίου
327 1619 492 1699 Μαξιανὸς
517 1618 535 1682 ὁ
560 1619 683 1699 Αἰγιεὺς
715 1622 767 1684 καὶ
792 1620 897 1700 Δάμις
922 1609 940 1684 δ
972 1621 1224 1701 φιλόσοφος.
1244 1669 1251 1684 .
1271 1669 1277 1684 .
1296 1621 1404 1685 Φιλό·

217 1742 357 1805 στρατος
374 1730 402 1790 δ’
421 1726 440 1790 ὁ
456 1725 662 1807 Ἀθηναῖος
686 1732 753 1793 κτλ.
793 1727 835 1792 Et
851 1727 927 1792 licet
943 1726 1106 1793 Lactantii
1124 1729 1222 1794 verba
1239 1728 1401 1793 maxime·

215 1852 277 1917 que
301 1833 475 1899 artificium
500 1833 578 1899 illud
603 1835 811 1921 piscatorium
836 1835 889 1900 hic
912 1836 1010 1920 plane
1033 1835 1183 1902 omissum
1201 1835 1402 1919 significent

216 1941 299 2008 alios
324 1941 484 2007 Hieroclis
519 1942 617 2022 locos,
654 1942 769 2026 quibus
802 1942 896 2008 aliter
929 1942 970 2008 de
1006 1942 1162 2028 apostolis
1195 1949 1304 2008 actum
1341 1944 1400 2026 sit,

217 2054 323 2114 tamen
348 2068 388 2114 ea
412 2049 556 2131 erimina,
581 2069 663 2133 quae
679 2050 720 2114 ab
738 2069 776 2115 eo
794 2049 948 2134 apostolis
971 2049 1062 2114 illata
1086 2070 1156 2115 esse
1184 2056 1293 2115 monet
1308 2050 1402 2116 Lac·

217 2156 350 2238 tantius,
380 2156 466 2221 haud
498 2156 544 2222 ita
575 2157 777 2222 consentiunt
809 2177 879 2221 cum
905 2157 1089 2222 Macariauo
1123 2156 1331 2241 philosoph03
1369 2159 1400 2222 is

217 2264 300 2328 enirn
324 2262 503 2349 piscatores
526 2284 589 2328 non
618 2263 730 2328 irridet
746 2279 797 2310 '—-
821 2269 855 2329 at
878 2263 949 2328 loco
973 2263 1067 2329 nobis
1090 2284 1152 2329 non
1177 2271 1304 2329 servato
1331 2263 1400 2330 hoc

216 2369 367 2436 accidere
399 2371 503 2455 potuit
542 2408 589 2451 -,
625 2371 841 2454 evangelistas
874 2376 979 2435 autern
1013 2371 1073 2436 etsi
1106 2371 1293 2454 ἐφευρέτας,
1329 2371 1396 2452 οὐχ

214 2476 349 2557 ἵστορας
378 2478 521 2562 appellat
553 2479 619 2560 (20,
636 2479 669 2558 2)
695 2485 803 2562 atque,
838 2498 933 2562 quam
966 2477 1189 2562 effingendam
1223 2479 1283 2543 sibi
1317 2499 1394 2564 pro-

213 2583 378 2670 posuerint
401 2585 573 2669 imaginem
600 2585 730 2667 Christi,
764 2606 834 2650 eam
865 2604 962 2670 saepe
996 2585 1135 2650 evadere
1165 2583 1395 2651 ἀνακόλουθον

214 2691 434 2757 demonstrare
457 2691 566 2758 studet
590 2693 641 2756 vel
666 2692 790 2774 ἀσαφῆ,
815 2698 1009 2757 tamennon
1040 2692 1135 2777 plane
1166 2690 1262 2756 rudes
1286 2699 1319 2756 et
1345 2694 1393 2756 in-

214 2798 326 2865 doctos
339 2800 581 2882 existimaverit,
599 2801 718 2883 quippe
735 2820 814 2883 quos
833 2819 894 2864 uno
912 2807 999 2864 certe
1015 2800 1086 2864 loco
1103 2798 1224 2882 aliquid
1243 2798 1394 2865 omisisse

214 2907 361 2991 opinetur
395 2905 451 2970 ἅτε
487 2907 723 2986 δοκιμάσαντας
757 2906 816 2970 οὐκ
848 2905 1012 2971 ἀστεῖον
1045 2907 1083 2970 τὸ
1112 2906 1196 2985 ῥῆμα
1225 2905 1388 2988 (95,12);

213 3014 343 3079 Petrum
375 3033 452 3078 vero
488 3019 521 3079 et
551 3014 686 3078 Paulum
722 3014 829 3079 multis
864 3015 936 3079 libri
970 3014 1020 3077 Ill
1056 3012 1215 3098 capitibus
1250 3013 1391 3078 maxime

214 3143 347 3187 moram
375 3121 573 3186 infirmitatis
603 3127 735 3186 accusat
768 3121 800 3185 id
833 3123 976 3203 miratus,
1011 3119 1096 3203 quod
1130 3121 1212 3186 tales
1245 3120 1390 3186 homines

214 3249 318 3294 rerum
343 3227 596 3293 Christianarum
620 3229 700 3294 facti
718 3229 782 3294 sint
799 3230 965 3294 columnae
982 3231 1029 3310 (ut
1050 3226 1272 3311 Tertullianill
1290 3228 1387 3292 verbo

215 3338 309 3418 utar).
366 3336 563 3402 Gravissimo
599 3343 705 3402 autem
742 3356 779 3401 co
816 3336 1017 3404 Duchesnius
1053 3337 1153 3401 utitur
1189 3341 1391 3420 argumento,
1511 3359 1512 3365 ¹

217 3441 303 3526 quod
327 3442 413 3528 apud
439 3450 582 3509 nostrum
606 3445 796 3529 Apollonius
820 3464 891 3509 curn
917 3444 1043 3509 Christo
1074 3451 1276 3528 comparetur
1304 3442 1390 3507 subi-

218 3559 334 3633 tusque
351 3551 419 3616 eius
436 3550 476 3616 de
495 3549 615 3616 iudicio
632 3550 792 3618 discessus
809 3553 1019 3617 describatur
1034 3557 1076 3634 (p.
1094 3551 1161 3634 52),
1185 3548 1271 3634 quod
1287 3568 1391 3631 aeque

216 3659 406 3725 Lactantius
430 3658 545 3743 legerit
569 3658 654 3744 apud
679 3659 859 3725 Hieroclem
898 3662 968 3744 („ut
999 3656 1174 3731 describis?
1202 3679 1232 3742 p.
1249 3655 1325 3738 408,
1343 3659 1388 3735 4).

216 3803 258 3812 —
283 3767 328 3830 At
353 3767 599 3850 paucioribusne
632 3766 739 3831 verbis
773 3786 868 3849 quam
901 3763 987 3850 apud
1015 3771 1156 3830 nostrum
1187 3784 1238 3830 res
1263 3763 1386 3828 absolvi

215 3872 345 3958 potuit?
394 3873 633 3938 Praetereundo
658 3874 741 3938 enim
764 3893 825 3938 nec
849 3878 956 3936 tamen
979 3871 1036 3954 ita,
1071 3878 1105 3936 ut
1134 3871 1315 3958 legentibus
1338 3889 1389 3934 res

217 3981 304 4064 prius
327 3981 510 4046 accuratius
545 3985 792 4047 commemorata
815 3979 848 4044 in
877 3985 1014 4044 mentem
1051 3978 1196 4042 revocari
1230 3977 1387 4058 videatur,

215 4088 393 4172 exemplum
430 4087 592 4172 Apollonii
632 4086 765 4169 inducit,
808 4085 894 4168 quod
930 4092 1152 4170 argumentum
1187 4085 1290 4168 ipsum
1325 4103 1387 4149 non

323 4247 350 4314 1)
369 4245 553 4300 Testimonie
571 4247 676 4300 videas
695 4246 783 4313 inira,
802 4245 855 4298 ubi
876 4246 913 4298 de
933 4243 1100 4314 Porphyrio
1119 4243 1265 4296 iaciemus
1284 4243 1387 4295 verba.
1511 4241 1512 4246 ’

320 4336 348 4403 2)
367 4351 398 4404 p.
409 4335 470 4402 406,
484 4336 572 4404 isqq.

321 4424 349 4490 3)
368 4422 445 4477 Adv.
465 4423 641 4478 Marcioni
661 4423 703 4477 20.
