3060 5086
709 273 883 328 ..25-

209 475 282 520 nem
306 463 341 520 ut
364 455 616 542 Christianorum
639 454 775 521 nominis
799 452 841 520 ad
866 453 1045 538 perfectum
1068 456 1132 519 iam
1163 459 1280 518 statum
1309 465 1389 537 pross

210 569 371 628 ventorum
397 563 572 646 eodemque
598 563 669 629 loco
693 564 876 627 memoriam
900 563 1049 644 imaginis
1072 561 1207 626 aPaulo
1231 559 1390 644 apostolo
1464 629 1467 632 ,

210 670 475 752 conformatam),
511 671 588 736 item
625 669 850 734 similitudines
883 668 1136 734 Christianarum
1171 666 1389 732 formularum

210 777 298 842 velut
321 778 408 856 παρὰ
431 781 488 841 τοῦ
520 778 694 856 μέλλοντος
728 781 832 856 κρῖναι
865 778 941 853 τοὺς
966 776 1089 853 Ζῶντάς
1113 796 1147 840 τε
1171 777 1222 839 καὶ
1246 773 1388 853 νεκρούς

211 877 301 964 (19ὃρ
317 886 384 964 21),
419 885 534 950 multos
567 883 704 967 deniqne
734 904 758 949 s.
789 885 969 968 scripturae
1003 889 1100 966 atque
1133 884 1230 948 etiam
1254 882 1389 948 Veteris

211 987 411 1056 Testamenti
436 991 533 1073 locos,
558 992 611 1073 qui
636 1011 698 1056 non
722 991 763 1055 ab
787 989 984 1071 adversario,
1011 989 1207 1055 homine'illo
1224 988 1388 1073 plurimae

210 1114 287 1163 sane
311 1082 459 1163 lectionis
492 1096 990 1181 maximaequeChristianorum
1027 1097 1180 1161 librorum
1213 1097 1388 1178 scientiae,

210 1203 253 1268 ad
277 1203 517 1271 confirmandas
540 1224 614 1272 snas
638 1205 814 1270 sententias
837 1202 987 1269 videntur
1011 1203 1183 1286 conquisiti
1213 1223 1293 1284 esse,
1323 1201 1388 1268 sed

102 1367 105 1372 .
211 1311 395 1378 a'Macario
419 1313 450 1376 in
482 1311 733 1378 transcribendis
767 1312 853 1377 illius
884 1312 1086 1395 argumentis
1119 1309 1207 1376 hand
1240 1311 1306 1377 scio
1342 1331 1389 1383 an

210 1419 312 1484 minus
346 1420 490 1485 consulto
524 1440 619 1502 quam
649 1441 667 1485 e
696 1419 927 1486 consuetudine
952 1418 1126 1486 Christiani
1158 1419 1314 1486 sermonis
1339 1417 1387 1484 ad

211 1521 474 1612 amplificandum
498 1527 550 1592 vel
574 1525 792 1606 exornandum
816 1525 965 1607 additi2).

321 1633 424 1700 Unum
449 1654 525 1700 vero
548 1634 731 1720 philosophi
756 1641 854 1719 capnt
877 1633 1005 1700 anobis
1021 1654 1084 1699 non
1100 1635 1131 1698 in
1149 1632 1387 1699 dubitationem

211 1743 321 1808 vocari
344 1761 384 1808 ne
408 1742 540 1809 miratus
565 1743 618 1825 sis,
655 1742 781 1808 etiarnsi
805 1741 838 1807 id
867 1742 929 1809 nisi
960 1761 1000 1806 ex
1032 1740 1145 1805 intima
1177 1739 1388 1807 historiarum

212 1849 464 1916 Christianarum
477 1852 545 1916 sive
559 1849 763 1916 Iudaicarum
775 1849 910 1914 scientia
923 1848 1081 1914 conscribi
1092 1866 1187 1932 posse
1199 1849 1385 1931 negaveris

211 1950 230 2022 l.
250 1958 298 2021 ΙΙΙ
323 1957 396 2024 dico
421 1978 492 2043 cap.
510 1959 540 2040 3,
567 1978 628 2040 quo
645 1957 849 2023 adversarius
866 1955 962 2022 Mosis
983 1955 1081 2021 libros
1104 1974 1218 2020 revera
1241 1956 1282 2020 ab
1300 1955 1386 2021 Esra

211 2066 409 2148 conscriptos
432 2083 502 2129 esse
524 2065 712 2129 MCLXXX
736 2063 829 2128 annis
852 2070 926 2147 post
949 2061 1033 2128 illins
1057 2071 1190 2146 mortem
1216 2062 1384 2128 contendit

211 2171 253 2236 ad
270 2171 508 2255 infringendum
525 2171 621 2236 illud:
646 2171 672 2235 εἰ
688 2169 1014 2250 intercoruscans,
1039 2170 1223 2236 ἐπιστεύετε
1247 2170 1288 2235 ἂν
1312 2170 1385 2249 ἐμοί

212 2273 341 2359 (Joann.
358 2278 390 2359 5,
407 2279 474 2358 46).
522 2277 587 2344 Sed
610 2279 693 2343 hanc
717 2261 760 2342 de
780 2277 862 2361 Espa
886 2277 1080 2343 silurorum
1104 2279 1287 2344 restitutore
1311 2297 1384 2342 nar-

213 2384 379 2462 rationem,
405 2386 500 2468 quam
524 2405 582 2451 nos
605 2385 680 2451 inde
704 2387 744 2451 ab
761 2387 894 2452 Irenaeo
919 2384 1005 2470 apud
1023 2384 1221 2451 Christianos
1238 2384 1381 2469 viguisse

212 2491 360 2558 videmus
370 2494 406 2576 ³),
431 2494 485 2558 vix
501 2494 573 2558 lieri
590 2499 707 2579 potest,
724 2495 801 2577 quin
817 2515 838 2560 a
853 2514 981 2578 pagano
999 2500 1107 2559 nostro
1124 2513 1228 2558 rerum
1244 2492 1383 2559 fortasse

320 2651 345 2718 1)
365 2652 465 2706 Verba
485 2659 556 2714 sunt
575 2669 656 2708 mere
676 2652 858 2708 Christiana:
887 2652 962 2720 εἴγε
981 2653 1016 2705 τὰ
1039 2653 1089 2718 μὲν
1112 2652 1240 2720 πρόβατά
1264 2651 1333 2705 εἰσιν
1357 2653 1384 2705 οἱ

211 2745 306 2794 πιστολ
326 2741 365 2806 εἰς
383 2743 416 2795 τὸ
435 2747 487 2809 τῆς
505 2745 678 2806 τελειώσεως
701 2743 856 2808 προβάντες
876 2743 1037 2808 μυστήριον,
1065 2742 1100 2794 τὰ
1120 2741 1144 2794 δ’
1165 2741 1246 2808 ἀρνία
1264 2747 1323 2794 τῶν
1344 2743 1384 2796 ἔτι

211 2833 431 2897 κατηχοιιμέναιν
450 2833 567 2900 ὑπάρχει
586 2835 618 2885 τὸ
639 2835 776 2899 ἄθροισμα
799 2832 897 2898 ἁπαλῷ
915 2833 987 2894 τέως
1006 2832 1182 2899 τρεφόμενον
1204 2831 1382 2894 διδασκαλίας

211 2921 336 2985 γάλακτι.
374 2921 417 2977 Cf.
436 2923 524 2977 Pauli
549 2923 645 2975 verba
669 2923 700 2975 in
724 2923 809 2991 epist.
834 2921 873 2974 ad
897 2918 1029 2974 Corinth.
1048 2920 1062 2974 I
1082 2936 1105 2974 c.
1120 2921 1144 2986 3,
1159 2921 1189 2974 2:
1216 2922 1289 2985 γάλα
1313 2923 1383 2987 ὑμᾶς

212 3013 329 3066 ἐπότισα
349 3014 393 3065 καὶ
413 3013 447 3066 οὐ
467 3015 576 3078 βρῶμα·
606 3011 686 3065 οὔπω
705 3011 759 3077 γὰρ
778 3010 927 3075 ἠδύνασθε,
958 3024 1048 3077 quarn
1073 3010 1237 3077 imaginem
1261 3024 1299 3062 ne
1320 3009 1383 3064 Ori·

214 3118 309 3172 genes
329 3103 451 3171 quidem
472 3103 597 3170 scriptor
617 3100 804 3156 Christianus
831 3099 946 3167 recepit
973 3099 1031 3152 nisi
1059 3098 1193 3152 indicata
1222 3096 1382 3166 allegoria:

211 3193 361 3257 δεομένους
379 3197 552 3259 τροπικῶς
571 3189 837 3258 δνομαζξομέναιν
855 3188 928 3252 γάλα
948 3188 984 3255 (e.
1005 3185 1079 3242 Cels.
1098 3186 1143 3240 ΙΙΙ
1162 3187 1197 3240 52
1215 3187 1288 3253 iim).

233 3336 235 3340 Α
319 3281 347 3349 2)
366 3281 433 3336 Vid.
454 3280 574 3348 127,10;
595 3279 773 3348 165,1sqq.;
794 3277 950 3346 167‚3sq.;
969 3277 1022 3331 203
1035 3292 1098 3346 sqq·
1128 3275 1185 3331 Vix
1205 3281 1307 3330 autem
1327 3275 1382 3328 dis·

109 3421 111 3428 .
212 3373 346 3425 cernitur
374 3370 552 3439 philosopho
582 3385 620 3421 an
651 3369 828 3421 retractanti
857 3365 989 3421 Maoam'o
1019 3367 1211 3437 adsignanda
1240 3367 1287 3420 sit·
1307 3367 1382 3420 mira

213 3461 342 3514 duorum
362 3459 447 3512 Pauli
468 3460 694 3512 enuntiatorum
715 3458 896 3524 coniunctio,
929 3472 1056 3524 quornm
1080 3458 1208 3511 alterurn
1235 3456 1272 3530 de
1291 3456 1381 3510 Petro

213 3550 325 3603 dictum
346 3555 390 3604 est
414 3550 444 3601 in
461 3545 581 3616 prioris
606 3549 749 3618 epistolae
769 3549 808 3603 ad
829 3546 962 3603 Corinth.
984 3563 1007 3601 c.
1022 3547 1064 3600 IX
1084 3564 1111 3600 v.
1126 3549 1168 3615 15,
1197 3548 1325 3602 alterum
1346 3546 1383 3600 de

213 3639 398 3706 quibuslibet
416 3638 504 3691 Pauli
523 3637 708 3692 adversariis
728 3637 889 3692 Corinthiis
909 3637 1022 3706 legitur·
1036 3638 1072 3691 'in
1091 3639 1240 3692 secundae
1260 3635 1299 3690 ad
1316 3635 1382 3690 Cor.

213 3729 296 3796 epist.
317 3743 341 3780 c.
355 3725 397 3778 XI
417 3743 444 3778 ν.
460 3727 501 3794 13,
530 3741 598 3780 curn
623 3727 706 3798 apud
730 3734 867 3782 nostrum
889 3726 991 3781 verbis
1015 3728 1076 3780 εἶτα
1096 3727 1215 3792 ἐπιλέγει
1235 3728 1383 3780 artissime

212 3816 406 3885 praecedenti
421 3816 458 3869 de
472 3815 560 3870 Petro
575 3818 687 3872 iudicio
702 3818 913 3872 adnectantur.
951 3815 1039 3880 Quod
1060 3817 1178 3870 facilius
1197 3815 1383 3884 intellegitur

212 3906 279 3958 iieri
299 3905 433 3974 potuisse
458 3906 489 3958 in
514 3905 665 3960 schedulis
691 3889 861 3975 philosophi
886 3904 1085 3960 contumelias
1110 3904 1316 3973 apostolorum
1341 3906 1383 3958 in·

213 3997 310 4050 vicem
335 3994 434 4049 illatas
464 3997 669 4064 exscribentis,
698 3998 755 4050 nisi
783 3997 862 4050 forte
890 3997 949 4049 iam
979 3997 1011 4049 in
1039 3995 1140 4064 aliquo
1170 4011 1191 4047 s.
1215 3996 1383 4064 scripturae

214 4086 380 4154 exemplari
400 4087 494 4154 priori
514 4086 580 4139 loco
600 4087 725 4140 alteram
745 4087 925 4140 sententiam
945 4085 1069 4155 propter
1089 4083 1313 4138 similitudinem
1333 4099 1383 4153 ap-

198 4177 322 4250 ¹pictam
342 4176 436 4229 fuisse
457 4175 629 4229 credideris.

319 4265 347 4330 3)
366 4263 445 4318 Iren.
465 4280 512 4334 ap.
532 4263 641 4318 Euseb.
663 4265 688 4318 h.
709 4264 819 4326 eccl.V
838 4263 924 4332 8,15;
944 4265 980 4317 cf.
1001 4265 1099 4329 etiam,
1120 4277 1199 4330 quae
1219 4262 1384 4316 decoreris

213 4355 302 4408 huius
330 4355 514 4408 narrationis
543 4354 677 4408 fontibus
707 4355 824 4412 notavit
854 4352 1072 4408 Wendlandius
1104 4353 1135 4406 in
1163 4366 1219 4406 sua
1251 4351 1383 4404 editione

214 4441 353 4499 Aristeae
373 4461 400 4514 p.
416 4443 467 4497 124
486 4444 516 4497 in
537 4460 640 4514 appar.
661 4445 724 4498 crit.
755 4474 784 4482 -
815 4443 889 4496 Rem
916 4447 1017 4496 autem
1046 4455 1106 4496 non
1133 4441 1221 4496 nimis
1249 4441 1384 4509 ignotam
