3060 5086
626 278 802 332 -45-

112 460 290 544 opiniones
317 460 382 524 iam
407 456 551 524 funditus
567 458 628 524 sibi
645 456 834 523 refutandas
851 458 1079 541 proposuisset,
1103 478 1165 521 non
1183 456 1300 523 Plotini

110 566 266 652 magistri
305 565 486 634 deseruisse
515 565 694 651 exemplum
727 564 932 631 arbitrandus
960 571 1018 649 est,
1052 564 1108 630 sed
1134 563 1214 628 αἰδώ
1238 584 1301 630 ser·-

111 694 221 755 vasse,
259 675 290 739 si
325 673 402 756 quid
437 673 620 739 venerabile
648 674 678 738 ei
709 672 897 739 occurrebat
925 673 958 736 in
982 672 1077 737 rebus
1101 670 1301 737 Christianis.

113 782 164 846 Ea
190 795 276 846 vero
304 782 369 846 iam
394 779 516 846 dudum
539 781 578 864 ei,
603 801 675 846 eum
699 779 785 865 apud
810 779 992 864 Longinum
1017 779 1148 845 oracula
1172 777 1302 843 deorum

110 888 305 972 colligeret,
331 889 430 974 ipsius
443 887 560 954 Christi
581 908 718 974 persona
741 887 811 953 visa
828 893 907 970 erat,
932 894 976 969 ut,
1004 887 1151 970 quamvis
1173 893 1303 972 praeter

113 997 314 1080 opinionem
340 995 528 1078 quibusdam
553 1016 587 1061 se
611 994 769 1061 dicturum
793 995 1013 1077 intellexisset,
1039 1015 1109 1060 cum
1129 992 1303 1060 secundnm

111 1103 348 1168 testimonium
373 1102 504 1168 deorum
528 1103 703 1188 piissimum
728 1101 887 1167 iudicaret
907 1109 939 1167 et
955 1102 1164 1167 immortalem
1181 1101 1304 1166 iactum

113 1211 258 1290 (Euseh.
281 1209 365 1274 dem.
383 1230 432 1276 ev.
451 1211 522 1294 VII,
542 1213 629 1293 1.)¹),
654 1208 853 1276 Christianos
869 1230 956 1292 vero,
980 1214 1015 1275 ut
1036 1229 1107 1274 eum
1125 1209 1304 1294 perrexisse

113 1317 222 1382 tradit
250 1319 453 1400 Augustinus
483 1317 537 1399 (de
559 1319 620 1385 civ.
642 1316 695 1383 dei
716 1318 808 1400 XIX,
831 1318 874 1383 23
895 1340 927 1402 p.
949 1317 1025 1400 394,
1047 1317 1090 1382 30
1108 1337 1154 1400 sq.
1185 1317 1303 1396 Domb)

116 1426 294 1510 „pollutos
317 1431 350 1490 et
374 1427 609 1492 contaminatos
631 1432 663 1490 et
686 1446 792 1492 errore
816 1423 1031 1511 implicatos“.
1078 1425 1173 1490 Talia
1197 1432 1305 1489 autem

113 1533 259 1618 saepius
294 1552 366 1597 enm
399 1553 439 1598 ex
473 1532 611 1599 oraculis
639 1532 680 1598 de
703 1531 830 1598 Christo
855 1538 887 1597 et
912 1531 1103 1598 Christianis
1136 1531 1305 1616 protulisse

116 1638 254 1705 iudicia
280 1645 428 1705 auctores
451 1646 524 1705 sunt
547 1639 705 1706 Eusebius
729 1646 761 1705 et
778 1640 986 1722 Augustinus,
1012 1640 1106 1705 immo
1123 1640 1306 1724 passionem

116 1746 253 1812 Christi
277 1766 335 1813 suo
358 1767 445 1813 more
468 1746 515 1811 ita
539 1746 702 1832 explicare
725 1753 875 1812 conatum
892 1765 972 1830 esse,
999 1753 1034 1811 ut
1050 1765 1165 1830 corpus
1181 1744 1307 1832 semper

118 1855 300 1920 tormentis
323 1855 503 1947 oppositum
520 1852 652 1937 diceret,
678 1874 739 1936 quo
757 1854 891 1920 celerius
907 1853 1016 1919 anima
1031 1855 1158 1939 piorum
1175 1852 1307 1919 caelesti

121 1961 197 2027 sedi
238 1960 410 2042 insideret3
447 1960 575 2026 Christo
610 1967 727 2045 autem,
772 1967 806 2026 ut
840 1982 949 2027 rursus
982 1956 1197 2046 Augustinus
1216 1959 1306 2040 (ibid.

122 2070 415 2153 p.395,14sqq.)
440 2068 574 2134 tradidit
607 2089 697 2151 uuus,
733 2069 835 2135 iatum
869 2068 985 2142 fuisse¹
1003 2069 1123 2151 aiebat,
1159 2073 1194 2134 ut
1230 2069 1306 2154 ,eis

127 2177 252 2259 quihus
274 2197 337 2240 non
361 2177 471 2242 datum
496 2184 581 2260 esset
605 2198 698 2244 nosse
722 2177 815 2243 deum
840 2197 900 2243 neo
921 2177 1006 2247 dona
1023 2200 1042 2243 a
1058 2173 1307 2260 disaocipere“,

125 2285 148 2348 i.
167 2305 198 2349 e.
227 2282 428 2365 Christianis,
456 2283 619 2368 ,fataliter
642 2283 735 2366 daret
759 2305 864 2363 errore
889 2283 1080 2368 implicari“.

245 2389 339 2474 Quid,
373 2392 399 2455 si
433 2389 514 2454 haec
546 2391 672 2474 integra
705 2393 880 2476 reperimus
915 2391 1002 2476 apud
1027 2393 1159 2466 Macarii
1195 2393 1308 2458 adver·-

128 2497 277 2564 sarium‘?
324 2497 427 2564 Nosse
461 2517 531 2562 eum
566 2518 605 2562 ac
637 2495 756 2563 vidisse
785 2495 1036 2562 Christianorum
1070 2499 1308 2582 persecutiones

58 2678 60 2682 .
129 2606 213 2670 mihi
237 2626 395 2690 apparere
418 2604 546 2670 videtur
568 2625 609 2670 ex
632 2604 738 2670 verbis
763 2604 840 2687 eius,
865 2604 979 2687 quihus
996 2603 1155 2670 Christum
1176 2611 1308 2671 accusat

58 2749 60 2755 ·
132 2715 181 2796 (p.
200 2713 267 2795 23),
292 2712 377 2795 quod
401 2733 463 2778 non
488 2713 613 2777 senatui
632 2711 776 2777 Romano
801 2731 836 2777 se
852 2710 1076 2793 manifestarit,
1099 2711 1153 2777 ἵνα
1176 2713 1216 2777 τὰ
1239 2710 1307 2777 κατ’

133 2818 238 2884 αὺτὸν
262 2821 485 2899 θαυμάσαντες
510 2820 550 2900 μὴ
575 2819 707 2900 δόγματι
731 2826 829 2904 κοινῷ
853 2821 1144 2914 καταψηφίσωνται
1168 2821 1309 2886 θάνατον

134 2926 183 3004 ὡς
208 2926 336 3008 ἀσεβῶν
359 2934 424 2993 τῶν
448 2929 646 3009 πειθομένων
670 2929 757 3014 αὐτῷ
771 2929 796 3008 2)
822 2934 853 2993 et
869 2950 899 3013 p.
920 2929 993 3011 162,
1012 2929 1125 3011 ὅσσαι
1150 2930 1201 2993 καὶ
1217 2929 1309 2994 ἄλλοι

135 3033 184 3118 δέ,
208 3034 321 3119 inquit,
345 3037 450 3117 μύριοι
473 3036 600 3117 τούτοις
624 3075 668 3082 -
692 3036 759 3102 scil.
784 3035 886 3101 Paulo
908 3036 1067 3119 Petroque
1092 3073 1133 3082 —
1158 3036 1311 3116 ὁμόδοξοι

138 3140 249 3221 οἱμὲν
279 3145 471 3227 ἐκαύθησαν,
506 3145 536 3209 ol
569 3141 724 3224 o'dllodl
759 3143 912 3222 τιμωρίαν
945 3144 963 3221 ἢ
1001 3144 1108 3223 λώβην
1145 3145 1310 3224 δεξάμενοι

23 3293 25 3342 ,
139 3248 372 3328 διεφθάρησαν.
420 3248 522 3339 Unde,
555 3250 582 3314 si
618 3251 826 3333 posteriorem
864 3255 990 3334 spectes
1024 3250 1139 3327 locum,
1172 3252 1311 3318 fortasse

142 3350 238 3414 etiam
262 3355 406 3418 effeceris
430 3354 462 3417 in
485 3374 636 3438 praesens
660 3355 794 3422 cessisse
825 3358 1073 3441 persecutiones,
1109 3378 1180 3422 cum
1204 3365 1311 3424 tamen

142 3474 160 3520 e
184 3457 288 3540 priore
312 3464 468 3542 appareat
492 3477 618 3544 semper
641 3481 697 3527 eas
720 3461 933 3546 redintegrari
958 3484 1060 3548 posse,
1086 3464 1170 3546 quod
1191 3466 1310 3549 optime

142 3563 279 3647 quadrat
295 3564 491 3649 temporibus
508 3566 721 3651 Porphyriani
738 3567 822 3633 libri.
862 3569 1066 3635 Diocletiana
1081 3578 1188 3636 autem
1205 3578 1313 3638 aetate

142 3671 228 3757 prior
244 3670 345 3738 fuisse
362 3669 498 3754 videtur,
517 3673 570 3752 qui
587 3673 642 3738 illa
657 3673 796 3758 scripsit,
814 3674 890 3757 quia
903 3682 1048 3740 senatum
1066 3676 1187 3758 aliquid
1203 3677 1311 3743 valere

142 3778 283 3845 ostendit
307 3777 349 3844 ad
374 3777 610 3844 decernendum
633 3785 669 3844 ut
692 3779 734 3846 de
758 3779 903 3845 omnibus
927 3782 1022 3847 rebus
1055 3783 1156 3848 saeris
1190 3783 1236 3847 ita
1269 3782 1311 3848 de

142 3911 355 3922 ——-—-.--—

156 4031 158 4039 .
250 3991 277 4060 1)
296 3992 332 4044 In
351 3991 456 4062 Mignii
468 3991 620 4061 Patrolog.
636 3989 742 4048 Graec.
763 3995 808 4048 est
835 3994 905 4044 tom.
918 3989 953 4044 22
973 4007 1000 4060 p.
1014 3989 1074 4059 236,
1094 4006 1174 4059 quas
1193 3993 1314 4048 demon·

143 4083 295 4136 strationis
324 4082 521 4152 evangelicae
550 4096 612 4136 una
633 4083 703 4136 mihi
723 4085 843 4152 praesto
863 4081 920 4135 fuit
940 4080 1040 4148 editio,
1060 4080 1114 4134 sed
1133 4086 1212 4136 totos
1231 4083 1313 4137 locos

145 4171 220 4225 bene
239 4172 377 4225 invenies
396 4172 549 4240 expositos
569 4171 652 4241 apud
672 4171 827 4226 Wolfflum
846 4171 864 4226 l.
878 4172 895 4226 l.
916 4189 943 4241 p.
958 4171 1010 4224 180
1019 4185 1082 4239 sqq.

249 4259 277 4326 2)
298 4259 392 4322 Quem
413 4261 511 4315 locum
532 4261 710 4330 philosopho
735 4276 827 4330 supra
851 4262 1046 4315 servavimus.
1062 4260 1100 4329 (p.
1115 4260 1161 4327 25)
1181 4275 1249 4315 cum
1268 4278 1314 4317 re·

147 4350 321 4417 petitionem
342 4349 383 4414 (v.
398 4349 432 4402 14
441 4353 515 4418 sqq.)
535 4349 666 4405 Macerio
686 4351 927 4421 adsignaremus.

250 4438 277 4506 3)
297 4437 434 4491 Fortasse
453 4438 595 4492 malueris
615 4440 688 4508 lagi:
709 4441 814 4506 ἄλλην.
