3060 5086
725 253 900 306 ...16-

226 451 283 497 suo
308 431 475 499 commodo
505 438 591 498 certe
624 433 761 498 alienum
772 435 807 516 ¹),
841 433 960 518 quippe
992 451 1084 515 quem
1119 434 1277 499 invenerit
1309 434 1398 522 apud

226 539 412 624 scriptorem
431 539 600 622 Graecum,
625 560 687 622 quo
704 545 835 606 auctore
859 541 1018 606 utebatur.
1059 540 1234 608 Praeterea
1250 542 1283 606 in
1299 543 1400 606 minu-

226 646 358 714 tioribus
381 647 476 712 rebus
504 646 662 730 quaedam
686 647 826 730 vestigia
855 648 984 729 reliquit
1014 648 1154 714 auctoris
1184 649 1233 714 sui
1265 651 1399 733 pagani,

225 773 317 837 quem
335 773 395 820 uec
418 753 581 839 dialogice
604 754 706 822 forma
728 755 854 838 librum,
879 775 941 839 quo
960 753 1175 821 Christianam
1192 757 1399 841 impugnaret

224 861 423 948 religionem,
452 861 635 928 condidisse
663 863 732 928 veri
760 862 863 928 simile
893 869 942 928 est
972 868 1015 944 et,
1051 882 1123 928 cum
1157 864 1222 929 suis
1256 864 1397 929 maxime

225 967 432 1053 popularibus
455 968 621 1051 scriberet,
652 968 852 1034 Christianus
880 989 932 1034 res
965 970 1094 1054 saepius
1128 969 1321 1056 explicando
1345 971 1398 1036 vel

225 1075 321 1141 altius
354 1073 528 1160 repetendo
562 1076 757 1160 exposuisse.
805 1076 895 1154 Quae
924 1075 1011 1162 apud
1036 1077 1213 1143 Macarium
1238 1077 1270 1142 in
1294 1077 1398 1162 philo-

224 1182 316 1269 sophi
341 1182 501 1268 capitibus
524 1182 576 1249 hic
600 1183 666 1250 illic
690 1182 798 1250 adhuc
820 1184 965 1250 invenies
988 1186 1135 1266 omnia2).

225 1379 325 1434 dicum
344 1379 474 1434 lectione
492 1379 646 1446 θανάσιμόν
664 1396 697 1434 τι
721 1381 873 1448 intulerat,
900 1393 1018 1450 semper
1039 1382 1156 1450 repetit.
1194 1381 1239 1437 De
1258 1381 1305 1437 his
1324 1383 1395 1436 mul·

224 1470 324 1538 tisqne
348 1469 420 1526 locis
447 1469 594 1524 similibus
619 1471 661 1524 ita
687 1471 898 1539 iudicabimus,
928 1475 963 1525 nt
982 1470 1147 1545 biccarium
1167 1472 1262 1526 verba
1282 1471 1397 1541 pagani

224 1559 314 1613 modo
335 1559 468 1628 perlecta
488 1560 683 1630 descripsisse
702 1575 844 1616 securum
860 1561 1010 1615 dicamus:
1030 1561 1079 1614 cui
1094 1561 1227 1631 opinioni
1241 1560 1272 1614 id
1284 1562 1397 1630 optime

225 1648 364 1718 quadrat,
393 1650 474 1718 quod
500 1649 565 1704 aliis
590 1651 737 1705 eiusmodi
762 1652 845 1719 locis,
874 1653 926 1707 ubi
951 1651 1120 1706 adversarii
1139 1663 1264 1719 prorsus
1285 1650 1397 1718 repetit

223 1740 358 1806 formam,
377 1739 409 1792 in
428 1739 640 1794 minutioribus
660 1740 854 1796 nihilominus
873 1741 961 1810 quasi
980 1741 1094 1795 invitus
1113 1753 1199 1794 snam
1220 1738 1394 1792 memoriam

224 1833 346 1884 secutus
366 1843 388 1882 s.
408 1831 527 1884 textum
545 1832 683 1898 restituit,
712 1831 798 1886 velut
817 1847 844 1900 p.
859 1830 932 1898 90‚3
952 1847 1006 1901 pro
1033 1830 1187 1899 evangelii
1212 1829 1266 1895 εἰμι
1291 1828 1396 1882 scribit

224 1919 322 1983 ἔσομαι
341 1918 420 1972 siout
438 1918 632 1987 philosophus
651 1937 678 1988 p.
692 1919 789 1987 aaut,
809 1920 863 1974 sed
881 1921 986 1974 inserit
999 1934 1024 1975 e.
1039 1935 1061 1974 s.
1075 1921 1224 1989 scriptura
1241 1917 1333 1982 πάσας
1345 1917 1395 1980 τὰς

223 2009 338 2074 ἡμέρας,
358 2006 407 2061 ναί
426 2022 454 2076 p.
468 2007 553 2073 138‚2
572 2009 658 2062 verbi
674 2013 790 2075 ποιῆσαι
802 2009 882 2064 ultro
897 2015 993 2063 mutat
1006 2010 1194 2078 positionem,
1214 2009 1262 2062 vel
1276 2023 1304 2078 p.
1315 2006 1358 2075 83,
1369 2006 1395 2070 4,

224 2097 276 2152 ubi
297 2099 379 2150 certe
399 2097 537 2176 sequitur
556 2097 698 2151 Matthaei
718 2102 843 2165 textum,
864 2105 898 2152 ut
918 2107 981 2152 erat
1001 2100 1039 2153 ab
1061 2098 1237 2153 adversario
1258 2098 1296 2166 (p.
1312 2095 1396 2163 58,1)

224 2185 360 2256 prolatus
381 2213 411 2226 -
433 2185 659 2240 animadvertas
678 2187 828 2242 εἰσελθεῖν
850 2189 940 2243 semel
965 2190 1096 2258 positum
1123 2194 1153 2243 et
1178 2189 1230 2253 τὴν
1254 2184 1397 2252 βασιλείαν

222 2279 282 2330 τῶν
301 2276 431 2342 οὐρανῶν
450 2280 480 2328 et
500 2275 638 2329 omissam
658 2277 814 2330 foraminis
834 2278 1002 2332 notionem!
1023 2306 1055 2317 -
1076 2278 1176 2332 subito
1193 2275 1329 2331 deLuca
1350 2290 1396 2329 ar-

222 2364 310 2420 cessit
331 2379 436 2418 vocem
457 2365 581 2431 βελόνης,
600 2380 669 2420 curn
690 2365 886 2436 philosophus
905 2367 1016 2421 babeat
1035 2367 1162 2435 ῥαφίδος.
1212 2389 1214 2393 v

325 2452 517 2508 Manifestum
536 2459 638 2508 auteur
659 2460 703 2509 est
723 2454 862 2510 omnibus
884 2456 929 2510 his
948 2456 1030 2524 locis,
1051 2456 1226 2521 Macarium,
1245 2458 1279 2508 ut
1300 2468 1390 2524 supra

220 2545 426 2614 exposuimus,
446 2543 596 2612 quaedam
617 2545 739 2600 alterius
759 2546 912 2615 scriptoris
926 2546 1022 2600 verba
1036 2550 1107 2600 ante
1123 2542 1227 2598 oculos
1240 2543 1392 2598 habuisse.

326 2634 353 2701 1)
373 2632 491 2704 Optime
504 2633 534 2687 id
548 2634 708 2704 intellegas
722 2649 759 2688 ea
772 2636 899 2701 ratione,
920 2649 981 2703 qua
994 2651 1023 2703 p.
1034 2633 1086 2688 185
1101 2632 1300 2701 apocalypsin
1312 2633 1392 2686 Petri

219 2738 275 2778 sua
294 2727 395 2778 aetate
415 2723 452 2778 de
471 2738 485 2776 s
507 2724 675 2792 scripturae
696 2739 813 2776 canone
829 2725 982 2792 reiectam,
1002 2724 1147 2793 quoniam
1160 2723 1200 2776 ab
1214 2721 1390 2777 adversario

219 2813 313 2884 petita
333 2816 407 2882 erat,
426 2817 528 2867 tamen
547 2812 668 2866 studeat
687 2814 774 2866 tueri.
796 2841 827 2850 -
849 2810 970 2881 Contra,
989 2813 1043 2865 ubi
1063 2812 1101 2867 ari
1121 2826 1193 2866 suas
1211 2816 1291 2867 artes
1311 2813 1392 2866 theo-

142 2954 148 2963 ,
218 2903 334 2972 logicas
360 2902 446 2957 abire
471 2906 622 2971 properat,
650 2903 686 2955 ut
711 2915 804 2972 supra
829 2900 1104 2956 demonstravimus
1124 2904 1163 2970 (p.
1178 2901 1232 2970 13),
1261 2901 1392 2956 maxime

219 2997 347 3062 apparet
370 3006 495 3061 prorsus
518 2991 578 3045 alia
603 2991 734 3046 voluisse
758 3007 837 3059 eum,
867 3006 957 3060 quem
977 2994 1068 3046 antea
1088 2992 1175 3060 quasi
1196 2991 1236 3044 ad
1258 2991 1392 3046 refellen-

220 3082 291 3137 dum
311 3081 520 3150 descripserat.

325 3171 353 3234 2)
371 3169 551 3225 Nominibus
570 3170 695 3224 brevem
715 3170 800 3225 addit
820 3170 1055 3239 explicationem
1075 3170 1162 3224 velut
1184 3186 1212 3240 p.
1230 3169 1272 3236 23,
1286 3169 1391 3236 3sqq.:

218 3261 335 3330 Πιλάτῳ
354 3264 401 3329 τῷ
420 3259 607 3314 κολάσαντι
626 3259 714 3313 αὐτὸν
733 3301 739 3314 .
761 3301 766 3312 .
788 3300 794 3314 .
813 3261 831 3325 ἢ
850 3261 961 3329 Ἡρώδη
982 3265 1029 3329 τῷ
1052 3265 1120 3315 τῶν
1139 3259 1311 3315 Ἰουδαίων
1335 3259 1391 3322 βα-

219 3353 318 3417 σιλεῖ,
347 3349 419 3404 ibid.
440 3366 468 3404 v.
482 3350 512 3403 8:
540 3355 577 3418 τῇ
598 3351 772 3419 Μαγδαληνῇ
794 3351 888 3420 Μαρίᾳ
911 3353 1022 3415 γυναικί
1041 3351 1142 3420 χυδαίᾳ
1165 3354 1210 3405 καὶ
1234 3349 1302 3403 ἀπὸ
1326 3363 1392 3401 κω-

219 3439 363 3507 μυδρίου
382 3440 603 3506 λυπροτάτου
622 3441 717 3504 τινὸς
735 3441 918 3510 ὁρμωμένη
990 3443 1035 3495 καί
1054 3442 1135 3509 ἄλλη
1151 3439 1246 3508 Μαρίᾳ
1265 3442 1294 3494 et
1311 3436 1393 3492 u.l2:

218 3535 259 3598 τῷ
278 3529 400 3596 ἀρχιερεῖ
417 3533 485 3583 τῶν
505 3528 687 3598 Ἰουδαίων,
716 3530 763 3585 vel
783 3546 811 3599 p.
827 3519 985 3599 101,'1sq.:
1012 3531 1102 3596 ἄνδρα
1120 3529 1174 3596 γάρ
1192 3545 1275 3581 τινα
1294 3528 1394 3592 λεγό-

219 3635 322 3686 μενον
340 3618 470 3674 Ἀνανίαν
496 3621 542 3672 καί
566 3621 627 3673 σὺν
654 3622 745 3688 αὐτῷ
763 3625 910 3685 γυναῖκα
928 3618 1128 3687 Σαπφείραν
1153 3618 1393 3682 καλουμένην,

218 3725 246 3778 p.
259 3709 302 3768 te,
316 3709 347 3763 6:
368 3709 407 3772 είς
425 3710 488 3774 τὴν
507 3710 698 3775 λεγομένην
718 3709 894 3774 βασιλείαν
913 3711 1078 3776 οὐρανῶν,
1098 3725 1125 3777 p.
1138 3705 1220 3772 so,4:
1239 3706 1307 3767 τοὺς
1321 3704 1393 3757 ἀντι-

217 3800 404 3864 ποιουμένους
416 3802 466 3864 τής
485 3799 678 3866 ἐπισκοπῆς
696 3801 774 3864 ἤτοι
792 3799 987 3866 προεδρίας.
1002 3825 1035 3836 -
1049 3796 1156 3851 Verbis
1168 3796 1270 3846 autern
1283 3791 1393 3847 Christi

217 3889 340 3957 saepius
361 3888 455 3956 addit,
485 3889 594 3957 quibus
614 3889 686 3958 quid
713 3889 825 3943 dictum
851 3890 889 3942 sit
908 3886 1132 3943 conditionibus
1151 3881 1234 3935 velut
1257 3897 1287 3950 p.
1305 3881 1348 3949 62,
1361 3883 1392 3937 3:

217 3978 286 4043 ἡδὲ
305 3977 380 4031 αἰτία
398 3982 450 4044 τῆς
475 3978 640 4042 ὑποθέσεως
666 3979 742 4032 ἐστιν
767 3979 838 4043 αὕτη
866 3980 924 4031 κτλ.
954 3976 1002 4030 vel
1025 3992 1053 4044 p.
1068 3971 1171 4039 mas:
1199 3973 1263 4036 περί
1287 3972 1318 4026 δέ
1340 3977 1393 4039 τῆς

217 4066 322 4131 οἰκείας
340 4065 488 4132 ἐπιδημίας
506 4067 624 4134 Χριστὸς
643 4068 723 4121 ταῦτ’
738 4068 899 4135 έρραψώδει
917 4072 978 4130 τοῖς
996 4067 1089 4130 ὄχλοις
1108 4070 1138 4116 et
1156 4074 1204 4114 ree
1223 4067 1329 4128 gestas
1348 4078 1391 4117 se-

217 4156 351 4210 cundum
371 4171 393 4210 e.
414 4158 586 4224 scripturae
605 4158 700 4211 verba
720 4157 811 4226 paulo
834 4157 926 4210 altius
950 4151 1114 4222 repetendo
1138 4149 1281 4204 describit
1306 4152 1390 4206 velut

216 4261 266 4315 pp.
286 4245 321 4299 55
338 4249 370 4300 et
390 4245 449 4299 102.
479 4275 510 4284 -
541 4246 641 4300 Multis
662 4247 792 4316 deniquo
815 4246 897 4312 locis,
925 4244 978 4297 ubi
999 4241 1236 4310 exspectaveris,
1265 4257 1333 4296 curn
1353 4240 1391 4292 de

216 4333 454 4390 Christianorum
468 4336 639 4404 euangelio,
656 4336 801 4404 magistro
815 4333 888 4401 (scil.
899 4330 1027 4395 Christo,
1044 4330 1082 4384 ci.
1094 4329 1138 4398 94,
1148 4329 1184 4399 6),
1204 4329 1391 4398 principibus

217 4423 270 4490 (96,
284 4423 315 4490 4;
334 4424 379 4490 ar,
391 4424 429 4489 6),
457 4424 601 4478 institutis
620 4423 693 4491 (131,
706 4423 808 4492 bsqq.)
829 4426 948 4490 agatur,
977 4435 1038 4474 non
1063 4419 1157 4473 adicit
1181 4421 1261 4485 upon
1286 4416 1390 4470 vel-ts
