3060 5086
649 287 823 342 ..65-

147 445 221 534 ¹esso
245 469 285 532 ad
310 469 408 532 finem
433 487 516 532 nuno
541 488 628 532 mera
653 468 836 531 eonieotura
869 469 1050 550 suspicatus
1074 467 1144 533 sim.
1192 470 1273 535 Nam
1298 471 1325 535 si

152 576 308 660 prolixum
333 575 504 659 Porphyrii
529 573 569 638 de
595 573 734 656 Origene
767 572 931 656 iudicium,
965 574 1049 656 quod
1076 575 1235 640 Eusebius
1259 577 1279 639 l.
1304 577 1324 640 l.

151 684 303 763 servavit,
329 683 381 746 vel
407 688 594 762 extremum,
630 680 715 762 quod
749 700 789 744 ex
814 681 993 763 Augustino
1027 681 1202 759 attulimus,
1238 682 1324 764 frag·

150 797 297 854 mentum¹
314 788 529 871 inspiciamus,
555 793 643 852 tanto
668 787 824 871 ampliora
847 785 996 852 videntur
1019 808 1114 870 quam
1138 789 1323 854 Maeariana

151 897 268 978 capita,
302 901 337 958 ut
360 915 454 977 nuno,
488 915 570 976 quae
594 915 690 978 supra
723 893 764 959 de
788 895 922 959 Maoarii
952 897 1075 959 ratione
1109 895 1321 980 eomponendi

151 1001 328 1082 statuimus,
354 1002 481 1084 paulum
507 1003 699 1083 restringere
723 1022 786 1066 non
810 1003 1026 1066 recusaverim
1050 1022 1112 1067 non
1145 1023 1204 1067 sua
1228 1001 1321 1067 modo

151 1108 250 1172 verba
274 1128 345 1172 eum
369 1108 513 1173 intulisse
537 1115 635 1189 ratus,
661 1106 717 1172 sed
742 1107 794 1172 hio
810 1107 877 1172 illie
895 1108 992 1172 etiam
1013 1110 1322 1191 argumentationem

152 1214 405 1300 Porphyrianam
420 1213 462 1278 ad
475 1235 616 1279 summas
632 1213 769 1279 fortasse
786 1216 962 1279 sententias
980 1216 1153 1299 ooartass'e,
1171 1217 1322 1298 quoniam

151 1322 219 1385 eius
257 1342 319 1386 uon
355 1323 508 1386 intererat
543 1320 802 1405 Porphyrianum
843 1342 922 1405 opus
957 1323 1118 1404 integrum
1152 1321 1322 1406 diligenter

150 1427 307 1504 refellere,
338 1426 396 1492 sed
421 1428 562 1492 consiliis
594 1429 660 1493 suis
696 1429 886 1512 theologicis
920 1449 1034 1512 parare
1068 1428 1321 1494 fundamentum.

150 1535 255 1618 Ipsius
279 1542 383 1600 autem
410 1535 544 1599 Macarii
568 1534 641 1599 libri
661 1537 769 1600 neseio
794 1556 835 1600 an
859 1535 942 1617 ideo,
978 1539 1122 1618 quamvis
1154 1537 1321 1620 praeclara

150 1639 338 1705 exhiberent
362 1641 562 1705 orthodoxae
587 1640 771 1724 theologiae
805 1641 999 1724 testimonia,
1034 1649 1124 1706 tanta
1160 1642 1322 1707 oblivione

150 1765 275 1828 semper
299 1749 444 1830 oppressi
467 1748 597 1828 tuerint,
623 1745 710 1829 quod
734 1748 934 1813 infestissimi
963 1747 1063 1813 hostis
1087 1749 1119 1812 in
1143 1750 1181 1813 iis
1206 1768 1321 1830 eogno-

150 1851 322 1915 soebantur
344 1855 530 1917 sententiae.
746 1939 748 1942 Ι
992 1869 994 1876 ’

258 1958 301 2022 At
325 1978 383 2024 nos
406 1966 499 2041 grato
524 1961 629 2024 animo
647 1959 846 2043 gaudeamus
862 1982 901 2026 ea
917 1961 1055 2044 fortuna,
1081 1963 1319 2044 quamanimae

149 2065 234 2129 illius
273 2065 472 2148 ingeniorum
508 2067 731 2149 contentionis,
769 2088 832 2151 qua
865 2069 1090 2134 sublimissima
1125 2070 1321 2135 Graecorum
1392 2108 1394 2111 ·

149 2172 261 2254 religio
286 2192 358 2236 oum
383 2171 566 2239 Christiana
590 2173 658 2238 fide
683 2174 881 2257 decertabat,
914 2176 1106 2260 gravissima
1141 2184 1173 2241 et
1206 2179 1323 2261 pretio-

150 2279 275 2344 sissima
299 2278 391 2344 nobis
414 2279 542 2345 reddita
565 2288 638 2345 sunt
663 2280 870 2347 documenta!
