3060 5086
726 277 902 333 -4g..

229 456 370 523 vindicet
393 459 534 523 somniis.
581 459 694 542 Neque
718 459 799 524 hacc
823 465 896 525 sunt
921 459 1037 542 omnia,
1068 478 1151 542 quae
1176 467 1287 525 contra
1312 458 1407 524 Chri-

230 565 351 630 stianos
374 565 506 649 profert,
531 566 659 631 tametsi
677 566 836 632 Macarius
859 572 900 631 et.
915 565 1038 632 codicis
1055 565 1261 631 Atheniensis
1277 564 1408 632 indices

228 691 298 737 eum
323 678 423 737 totum
449 673 568 737 versari
587 672 714 757 fingant
737 675 809 754 περὶ
832 677 898 740 τῶν
914 674 950 738 ἐν
966 679 1011 758 τῷ
1036 673 1211 758 εὐαγγελίῳ
1236 673 1288 739 vel
1311 675 1347 739 ἐν
1364 680 1405 758 τῇ

228 785 319 864 καινῇ
344 779 475 870 διαθήκῃ
500 781 697 864 ζητημάτων,
733 783 828 847 immo
862 784 940 847 satis
974 801 1092 865 magna
1116 787 1165 846 cst
1189 781 1291 847 altera
1327 803 1406 867 pars

228 887 324 953 etiam
348 888 380 951 in
404 887 493 953 libris
516 888 717 972 Macarianis,
754 890 808 971 qui
836 889 928 955 nobis
951 890 1071 955 servati
1104 895 1186 972 sunt,
1224 906 1287 972 qua
1312 889 1405 956 Obri-

227 998 348 1062 stianos
375 995 532 1082 „pollutos
555 1002 587 1061 et
612 997 769 1062 erroribus
792 993 993 1082 implicatos“
1024 995 1174 1079 traducit,
1210 1017 1279 1062 cnm
1305 1018 1404 1077 κορυ-

227 1106 335 1184 φαίων
359 1106 438 1170 vitia
462 1110 494 1169 et
518 1103 703 1187 dogmatum
727 1104 884 1169 insaniam
909 1102 1116 1169 demonstret.

334 1213 394 1278 His
422 1213 570 1295 qnoniam
604 1210 745 1277 moribus
768 1217 800 1275 et
832 1211 961 1295 ingenio
994 1217 1136 1276 nostrum
1174 1209 1403 1296 philosophum

227 1319 323 1405 plane
351 1340 422 1386 curn
447 1317 625 1403 Porphyrio
659 1319 842 1402 conspirare
874 1317 1172 1402 demonstravimus,
1207 1319 1271 1384 iam
1305 1319 1404 1404 inspi-

228 1427 349 1494 ciamus
388 1425 511 1511 placita
549 1425 784 1512 philosophica,
826 1444 907 1508 quae
944 1428 977 1491 in
1010 1427 1185 1511 posteriore
1218 1427 1273 1491 illa
1308 1433 1403 1511 parte

227 1535 366 1600 maxime
405 1541 571 1619 apparent.
630 1535 679 1601 Ne
715 1541 821 1599 autem
862 1534 1102 1618 exspectaveris
1137 1533 1223 1618 apud
1258 1539 1400 1598 nostrum

229 1662 384 1708 summam
408 1640 632 1726 philosophiae
656 1641 843 1706 Platonicae
876 1640 927 1706 vel
952 1641 1154 1706 Plotinianae
1182 1642 1213 1705 in
1239 1639 1403 1724 capitibus

226 1749 339 1835 paucis
362 1754 459 1832 atque
483 1769 503 1813 a
527 1753 702 1814 retractorc
726 1747 910 1814 dilaceratis
934 1769 1016 1814 neve
1033 1749 1160 1814 omnino
1177 1750 1292 1830 omnia,
1317 1767 1402 1830 quae

226 1855 355 1940 quando
379 1855 577 1941 Porphyrius
603 1856 772 1940 cogitavit:
797 1877 859 1922 non
883 1855 946 1921 iarn
970 1857 1003 1921 in
1027 1857 1107 1921 libro
1133 1877 1180 1922 ca.
1200 1878 1228 1922 a.
1246 1857 1312 1921 270
1329 1876 1401 1922 con-

226 1965 346 2050 scripto
376 1965 574 2029 inveniemus
604 1963 783 2046 theurgiam
817 1962 1041 2048 philosophiae
1080 1984 1121 2028 ex
1155 1963 1292 2029 oraculis
1324 1962 1401 2029 han·

226 2071 370 2155 riendae,
395 2091 489 2155 quam
513 2092 585 2154 non,
610 2077 645 2135 ut
669 2071 715 2135 ait
740 2071 990 2152 Harnaclrius2),
1016 2091 1087 2136 cum
1112 2069 1303 2136 Christianis
1327 2091 1401 2136 con·

227 2199 393 2264 gressuros
416 2184 612 2263 reposuerat,
648 2177 705 2243 sed
734 2179 804 2262 ipsc
833 2178 961 2244 omnino
986 2179 1149 2244 abiecerat
1173 2185 1304 2263 recepta
1328 2197 1401 2262 pur-

227 2287 357 2372 gatione
381 2286 493 2352 morali
518 2290 549 2350 et
572 2284 794 2368 intellectuali,
820 2285 910 2350 cuius
934 2283 1065 2350 exhibet
1089 2285 1269 2370 exemplum
1294 2285 1326 2349 in
1344 2286 1398 2351 34.

227 2393 386 2461 sententia
409 2396 474 2458 τῶν
498 2392 657 2473 ἀφορμῶν
681 2393 764 2472 πρὸς
792 2393 831 2456 τὰ
855 2393 956 2471 νοητά
970 2395 1009 2474 2);
1045 2412 1148 2474 neque
1178 2392 1277 2476 igitur
1305 2393 1398 2457 mira-

226 2521 332 2567 remur
370 2521 408 2567 eo
446 2507 589 2586 tempore
624 2500 710 2586 apud
746 2499 957 2585 Porphyrium
993 2499 1036 2582 id,
1076 2499 1160 2583 quod
1196 2500 1396 2565 Macarianus

226 2608 434 2696 philosophus
457 2609 564 2691 inique
589 2609 652 2672 fert
676 2630 707 2693 p.
727 2607 801 2689 198,
836 2628 951 2693 nempe
975 2607 1060 2690 quod
1085 2606 1259 2673 Christiani
1292 2607 1395 2673 subito

226 2738 284 2802 per
307 2717 467 2801 baptisma
490 2714 689 2799 gravissimis
713 2715 845 2780 maculis
868 2714 997 2780 liberari
1021 2715 1082 2782 sibi
1099 2713 1277 2796 videantur,
1303 2713 1398 2796 siqui-

227 2825 300 2890 dem
323 2824 393 2908 ipse
416 2823 480 2887 iarn
505 2842 575 2887 curn
599 2821 776 2887 Platonicis
804 2842 927 2887 summa
963 2843 1002 2888 ac
1038 2821 1188 2887 diuturna
1223 2820 1399 2887 voluntatis

226 2931 431 2999 contentione
456 2949 553 3012 aegre
583 2949 617 2994 se
650 2928 806 3007 κάθαρσιν
841 2927 1030 3014 adepturum
1067 2929 1282 2995 existimabat.
1327 2928 1399 2996 Nec

228 3042 290 3106 iam
316 3038 511 3121 theologiam
536 3035 622 3101 illam
647 3036 908 3121 exspectabimus
933 3037 1006 3103 libri
1030 3059 1063 3102 π.
1089 3036 1289 3115 ἀγαλμάτων,
1315 3056 1397 3118 quae

226 3147 355 3214 deorum
380 3153 524 3210 naturam
550 3144 600 3210 vel
626 3145 759 3209 virtutes
784 3144 960 3225 (δυνάμεις)
978 3182 1020 3192 -
1036 3146 1161 3211 scilicet
1184 3143 1337 3228 physicas
1354 3179 1396 3192 -

227 3252 461 3339 quodammodo
479 3253 605 3334 assequi
623 3260 654 3316 et
672 3273 742 3316 cum
760 3252 1000 3318 simulacrorum
1017 3253 1121 3319 forma
1138 3252 1283 3318 conferre
1303 3270 1396 3336 posse

110 3401 112 3405 ν
226 3364 287 3430 sibi
312 3360 495 3442 videbatur3
533 3380 596 3424 non
629 3358 768 3442 denique
800 3360 927 3444 plenam
953 3359 993 3424 de
1018 3360 1163 3426 omnibus
1186 3359 1281 3424 rebus
1305 3378 1395 3443 supe·

225 3469 361 3535 rioribus
393 3466 636 3547 dubitationem,
670 3487 765 3549 quarn
799 3468 830 3531 iu
868 3467 1006 3552 epistula
1030 3467 1071 3531 ad
1096 3467 1283 3532 Anebonem
1319 3465 1396 3531 data

226 3577 388 3663 professus
413 3581 491 3657 erat,
524 3573 580 3639 sed
606 3593 794 3656 quaeremus
818 3573 998 3659 perlectum
1022 3573 1273 3639 Plotinianorum
1297 3574 1395 3659 placi·

225 3693 328 3750 torum
341 3690 542 3764 assertorem,
558 3684 622 3764 qui,
641 3689 783 3767 utsupra
796 3681 1083 3748 demonstravimus
1097 3684 1141 3765 (p.
1155 3681 1222 3762 40),
1247 3681 1394 3764 publicae

225 3791 389 3876 religionis
413 3790 541 3854 numina
564 3790 694 3856 nolebat
718 3789 923 3874 philosophia
947 3808 1067 3854 arcere.

331 3899 381 3963 De
406 3897 529 3962 duabus
553 3904 658 3962 autem
682 3898 777 3962 rebus
801 3895 939 3961 maxime
964 3896 1059 3960 talem
1076 3893 1300 3979 philosophum
1323 3912 1392 3958 cnm

226 4006 415 4073 Christianis
440 4025 642 4089 congressum
667 4024 737 4070 esse
762 4002 990 4088 putaverimus,
1016 4002 1056 4068 de
1082 4001 1132 4068 dis
1157 4000 1281 4083 deoque
1305 4000 1393 4065 etde

225 4112 335 4179 mundi
358 4118 472 4178 natura
496 4133 535 4176 ac
558 4119 653 4195 sorte,
678 4111 719 4177 dc
743 4132 806 4194 qua
823 4111 967 4176 Plotinus
992 4131 1118 4193 quoque
1143 4128 1213 4173 cum
1231 4106 1392 4173 Gnosticis

332 4370 359 4434 1)
376 4367 422 4423 Of.
444 4369 517 4439 ,Die
537 4367 657 4422 Mission
676 4368 764 4421 usw.“
787 4386 814 4438 p.
828 4366 888 4434 355,
909 4371 968 4421 not.
982 4367 1007 4420 2.

332 4459 359 4525 2)
378 4459 413 4512 ln
434 4459 566 4512 editione
585 4457 800 4511 Holstenianae
820 4455 1065 4525 Cantabrigiensi
1085 4459 1130 4508 cst
1149 4470 1176 4523 p.
1190 4453 1249 4506 239.
