3060 5086
691 247 865 302 -36-.

195 433 387 515 Arrgustum,
412 452 474 496 non
497 429 545 496 sui
570 429 642 495 aevi
666 429 890 515 imperatorem
915 426 1058 492 nominat
1075 427 1119 509 (p.
1140 423 1227 505 199),
1252 423 1284 486 id
1303 443 1364 487 non

195 545 269 605 ante
304 536 439 602 divisum
463 538 497 600 in
526 537 632 622 plures
665 536 831 620 imperium
856 535 876 598 i.
901 554 928 599 e.
953 552 1016 598 non
1050 538 1125 598 aute
1160 550 1275 596 annum
1301 530 1365 618 292

194 647 347 730 scriptum
371 664 441 710 esse
466 644 598 727 colligit,
633 643 729 708 altius
761 641 907 727 profecto
942 640 1003 722 hoc
1037 639 1208 725 repetitum
1240 636 1367 702 videtur

194 773 308 836 neque,
334 772 390 816 cur
414 753 483 836 ipse
506 749 699 845 Hadrianus,
730 771 792 816 non
816 750 897 815 elius
920 751 1095 834 imperator
1124 748 1233 830 aliqua
1263 765 1297 810 re
1322 745 1367 809 in·

195 859 318 944 signior
343 861 391 924 vel
418 860 537 943 primus
561 859 615 924 ille
640 858 760 924 Caesar
777 857 941 942 Augustus
963 847 1109 922 delectus
1133 855 1184 938 sit,
1209 874 1246 918 eo
1263 851 1367 936 magis

196 968 384 1053 explicatur.
432 968 518 1051 Ergo
542 967 670 1032 missam
695 967 851 1032 faciemus
868 964 1044 1032 Duchesnii
1060 963 1143 1028 hanc
1161 961 1201 1028 de
1216 959 1367 1027 Hierocle

196 1075 329 1140 Macarii
347 1079 478 1140 anctore
496 1075 698 1156 sententiam,
723 1072 806 1138 sicut
818 1073 989 1139 Sossianus
1005 1071 1058 1136 ille
1075 1069 1367 1152 Hierocles‚·prae-

195 1181 301 1246 iectus
334 1181 520 1267 provinciae
544 1179 739 1245 Phoeniciae
762 1178 964 1255 Libanesiec,
1000 1196 1093 1259 quem
1117 1176 1150 1240 in
1176 1174 1368 1260 Palmyrena

195 1286 402 1372 inscriptione
435 1285 552 1352 aetatis
577 1285 772 1350 Diocletiani
804 1283 1024 1367 investigavit,
1059 1289 1093 1347 ut
1122 1280 1250 1346 facilius
1279 1279 1367 1343 illum
1484 1329 1487 1337 .

196 1393 378 1459 Hieroclem
403 1412 474 1458 cum
491 1391 634 1458 Macerio
658 1393 691 1455 in
720 1389 852 1474 regione
869 1389 1082 1477 Euphratensi
1108 1410 1128 1454 a
1151 1407 1185 1454 se
1210 1386 1368 1452 collocato

168 1501 419 1585 committeret,
453 1501 494 1564 ab
518 1496 610 1564 initio
634 1496 689 1564 vix
719 1497 867 1580 cuiqnam
898 1499 981 1563 inter
1009 1498 1095 1562 viros
1124 1495 1236 1560 doctos
1267 1491 1368 1557 iidem

196 1608 319 1690 fecit1).

303 1713 418 1780 Restat
452 1714 614 1780 Julianus
645 1715 840 1800 imperator,
873 1714 904 1778 in
935 1713 1025 1778 cuius
1050 1711 1138 1776 libris
1172 1714 1204 1774 et
1232 1707 1367 1774 trecenti

198 1819 244 1886 illi
269 1827 342 1907 post
366 1819 525 1888 Christum
543 1807 576 1887 et
592 1821 725 1887 Paulum
742 1821 817 1886 enni
840 1825 975 1913 perapte
998 1817 1063 1902 legi
1080 1815 1272 1882 videbantur
1292 1813 1370 1880 viris

198 1919 302 1993 doctis
325 1948 386 1993 nec
409 1948 472 1994 non
495 1927 653 2011 quaedam
678 1926 903 1994 similitudines
920 1944 1086 1992 occurrere
1103 1924 1243 2008 capitum
1268 1921 1367 2006 philo-

199 2034 291 2120 sophi
309 2035 528 2114 Meoeriani2).
577 2033 642 2102 Sed
667 2036 775 2100 omnia
798 2034 987 2121 profligavit
1004 2034 1209 2100 Neumannus
1226 2031 1258 2096 in
1279 2048 1376 2121 prees

199 2142 322 2206 latione
347 2141 498 2208 editionis
515 2143 635 2210 Juliani
659 2143 874 2226 reliquiarum,
900 2161 971 2207 cum
996 2141 1083 2207 locos
1100 2139 1266 2206 Julieneos
1282 2133 1369 2221 apud

197 2249 279 2314 elios
312 2249 485 2333 scriptores
520 2255 663 2316 servatos
702 2251 859 2316 inveniret
895 2254 927 2314 et
968 2246 1157 2331 quibusdem
1193 2243 1370 2311 Macerioni

197 2354 380 2440 philosophi
414 2357 574 2441 capitibus
606 2363 792 2442 opponeret,
825 2357 858 2422 in
882 2356 997 2440 quibus
1021 2392 1065 2402 -
1088 2360 1123 2420 ut
1146 2354 1246 2438 ipsius
1271 2351 1370 2416 verbe

198 2461 333 2528 afferam
357 2500 401 2508 —
422 2463 488 2552 ,de
513 2463 625 2530 iisdem
649 2465 744 2530 rebus
768 2465 884 2552 egitur,
908 2462 966 2530 sed
983 2463 1040 2548 ite,
1064 2469 1100 2533 ut
1115 2467 1171 2526 eut
1187 2460 1371 2544 proteratur

198 2571 368 2653 sententie,
394 2590 475 2652 quae
500 2571 691 2657 philosopho
715 2579 883 2657 repugnet,
908 2578 965 2637 ant
985 2570 1098 2637 eadem
1119 2567 1280 2634 sententie
1297 2565 1370 2632 eliis

198 2677 305 2742 verbis
328 2679 370 2741 sit
394 2678 584 2760 consignate
608 2684 704 2760 etque
728 2676 897 2760 eomodo,
922 2684 1043 2742 utnon
1067 2674 1152 2740 idern
1170 2673 1371 2740 esseluliani

199 2789 296 2865 atque
320 2783 503 2868 philosophi
534 2783 748 2867 fragmentum
772 2785 868 2868 plene
903 2790 1059 2869 appareat
1091 2801 1195 2865 neque
1228 2779 1371 2866 potuisse

199 2890 361 2955 Julianum
385 2889 448 2955 alio
473 2890 543 2955 loco
573 2889 613 2954 de
638 2890 750 2956 eodem
785 2892 962 2975 scripturae
987 2911 1082 2956 versu
1115 2891 1162 2954 ite
1194 2907 1302 2972 agere,
1338 2893 1373 2951 ut

198 2994 274 3061 inde
306 2995 530 3082 depromptum
564 3017 636 3062 esse
669 2997 832 3062 videretur
863 2997 1046 3083 philosophi
1075 2997 1252 3062 Macerioni
1284 2995 1369 3075 frag·

199 3101 406 3182 mentnm“⁸).
471 3103 562 3181 Quae
601 3112 771 3190 praeterea
810 3105 919 3170 attulit
953 3106 1169 3188 Neomennus,
1210 3121 1285 3189 pree
1320 3099 1368 3163 his

199 3209 330 3274 minoris
354 3216 426 3276 sunt
449 3211 611 3293 momenti,
635 3231 750 3296 nempe
774 3211 860 3294 quod
884 3209 970 3296 apud
994 3212 1128 3276 Macarii
1153 3207 1368 3276 adversarium
1410 3203 1413 3207 ’

200 3316 317 3400 legitur
332 3317 367 3381 ἐν
391 3315 527 3400 Ἰουδαίᾳ
543 3323 582 3401 γῇ
608 3319 674 3400 (57,
688 3319 722 3396 6)
748 3324 780 3382 et
797 3318 983 3397 Χριστιανοί
1008 3320 1096 3400 (201,
1114 3319 1159 3401 5),
1184 3337 1254 3381 cum
1273 3314 1371 3382 Julia-

200 3443 259 3488 nus
275 3443 399 3507 semper
415 3423 557 3508 appellet
572 3425 632 3502 τὴν
648 3423 803 3489 Ἰουδαίαν
819 3425 869 3490 vel
886 3429 947 3504 γῆν
962 3425 1118 3504 ἸουδαίουΙ
1135 3431 1168 3488 et
1185 3422 1372 3499 Γαλιλαίους

203 3536 235 3595 ct
252 3528 336 3613 quod
353 3530 508 3595 innumeri
527 3526 701 3595 Christiani
725 3532 757 3594 in
781 3531 1058 3616 persecutionibus
1074 3529 1217 3594 damnati
1239 3536 1271 3592 et
1288 3528 1374 3608 caesi

204 3638 621 3722 (p.162,6sq.etp.23),
651 3658 730 3720 quos
755 3639 854 3704 altero
878 3638 993 3703 saltem
1017 3637 1087 3703 loco
1111 3640 1247 3721 apparet
1276 3637 1374 3719 scrip·

202 3755 303 3810 torem
329 3745 431 3829 ipsum
457 3743 587 3820 vidisse,
612 3745 733 3812 Juliani
757 3746 857 3810 aetati
880 3764 944 3809 non
969 3743 1137 3828 quadrent.

309 3959 337 4026 1)
356 3957 399 4014 Of.
419 3957 595 4013 Mocllerum
614 3958 631 4012 l.
646 3959 663 4013 l.
684 3975 710 4027 p.
724 3958 786 4013 524.

309 4049 336 4116 2)
357 4048 438 4111 Quas
458 4048 668 4102 similitudines
689 4048 830 4116 exposuit
848 4045 1006 4101 Moellerus
1025 4045 1042 4098 l.
1057 4045 1074 4097 l.
1095 4061 1122 4114 p.
1136 4042 1196 4098 525.

309 4138 337 4194 3)
357 4136 532 4192 Gravissimi
552 4143 663 4206 ¹auteur
694 4136 752 4189 loci
781 4139 850 4188 sunt
868 4135 942 4189 Meo.
962 4152 989 4204 p.
1003 4134 1046 4202 54,
1073 4148 1202 4201 quocum
1234 4135 1373 4188 conferas

204 4227 309 4281 Iulian.
330 4241 377 4295 ap.
391 4225 489 4294 Cyrill.
504 4224 589 4281 168Α
603 4231 632 4280 et
646 4225 720 4278 Mac.
735 4241 761 4293 p.
774 4223 815 4290 58,
832 4222 864 4278 15
872 4238 945 4292 sqq,
964 4223 1017 4277 ubi
1037 4222 1075 4275 de
1088 4221 1139 4276 Mt.
1153 4223 1194 4290 19,
1209 4223 1244 4276 24
1264 4225 1373 4292 egitur,

204 4331 271 4370 cum
291 4315 426 4374 Iulianus
455 4315 492 4369 dc
516 4314 660 4384 parallelo
689 4314 754 4367 loco
777 4313 833 4379 (Lt.
849 4311 890 4380 12,
903 4312 949 4380 33)
975 4327 1098 4381 prorsus
1127 4312 1214 4366 aliter
1243 4314 1374 4381 disputet

204 4405 286 4475 apud
303 4404 444 4466 ¹Photium
466 4402 597 4467 (Quaest.
617 4401 745 4474 Amphil.
766 4402 825 4471 100,
846 4402 894 4456 vel
915 4401 963 4455 101
986 4401 1055 4457 odit.
1069 4401 1332 4472 Hergenroether).
