3060 5086
649 263 824 318 ,47„

147 465 221 526 uno,
248 443 333 528 quod
357 450 503 528 superest
526 445 718 527 fragmento,
755 450 860 508 tamen
886 440 1090 525 aliquomodo
1115 462 1186 506 eum
1210 441 1322 525 negle·

147 553 235 618 uisse
260 559 372 636 putare
397 552 482 634 licet,
508 552 583 634 quia
607 552 678 629 περὶ
702 555 759 629 τῆς
783 549 995 621 ἀναστάσεως
1018 549 1117 614 αὐτοῦ
1135 554 1191 628 τῆς
1208 569 1325 613 παντα-

147 663 207 739 χοῦ
233 659 473 738 θρυλλουμένης
493 659 601 738 (aad
626 656 821 742 disputando
846 679 915 722 rem
940 657 1026 722 nullo
1050 657 1148 723 verbo
1171 656 1325 742 perstrin-

147 769 206 850 git,
241 765 298 831 sed
323 767 430 830 statim
463 764 504 830 ad
531 765 732 830 minutiorem
755 763 796 829 de
819 764 1082 830 manifestatione
1105 784 1140 830 se
1166 765 1325 830 convertit

150 873 387 955 quaestionem,
412 878 443 937 et
466 873 520 937 ubi
545 872 747 957 Apollonium
773 873 803 936 ei
827 871 961 957 opponit
978 871 1183 956 Tyaneusem
1209 873 1252 954 (p.
1267 870 1323 952 52)

149 1001 212 1045 non
236 979 390 1044 miracula
419 980 486 1044 eius
520 985 656 1064 spectat,
693 973 728 1042 ut
761 979 824 1043 iam
861 977 1009 1060 diximus,
1050 978 1105 1044 sed
1132 976 1323 1062 dignitatem

152 1085 415 1171 philosophicam.
464 1087 541 1167 lam,
577 1087 604 1151 si
640 1085 800 1150 Christum
838 1085 904 1149 vult
940 1084 1030 1152 ἄξιόν
1064 1107 1093 1149 τι
1129 1088 1238 1166 σοφοῦ
1274 1086 1324 1149 καὶ

153 1194 238 1256 θείου
262 1192 381 1271 ἀνδρός
399 1193 464 1272 (52,
479 1192 512 1276 2)
537 1192 589 1257 vel
612 1193 777 1258 σπουδαῖα
793 1213 864 1257 τινα
880 1194 930 1257 καὶ
953 1193 1044 1273 σοφὰ
1069 1193 1324 1272 διαφθέγξασθαι

152 1301 207 1380 (ib.
232 1321 262 1365 ν.
281 1300 314 1379 9)
340 1305 372 1363 et
395 1301 452 1363 τὸν
477 1302 586 1378 κριτὴν
610 1301 661 1364 καὶ
685 1302 762 1378 τοὺς
787 1305 998 1379 παρεστῶτας
1023 1303 1194 1364 παιδεῦσαι
1218 1303 1259 1380 (ν.
1278 1299 1323 1382 3),

150 1407 328 1491 sapientem
354 1414 440 1472 certe
464 1412 496 1471 et
520 1406 661 1472 divinum
687 1429 756 1473 eum
782 1407 882 1474 tuisse
899 1407 1023 1473 iudicat
1038 1428 1100 1473 non
1118 1407 1212 1473 aliter
1229 1427 1324 1491 quam

149 1515 222 1580 loeo
246 1513 340 1579 modo
364 1513 496 1579 laudato
521 1535 591 1579 eum
616 1515 782 1598 significat
805 1517 933 1580 nomine
950 1515 1069 1595 ἀνδρὸς
1091 1515 1248 1596 εὐσεβοῦς
1273 1516 1325 1580 vel

150 1623 326 1701 ἀνθρώπου
344 1608 482 1686 συνετοῦ
500 1622 549 1688 vel
567 1623 629 1686 alio
654 1624 724 1687 loco
749 1623 893 1707 appellat
916 1624 975 1687 rhu
991 1622 1188 1688 διδάσκαλον
1206 1623 1273 1705 (94,
1289 1621 1323 1703 5)

151 1737 184 1795 et
208 1767 250 1774 -
276 1730 500 1813 quamvisper
525 1728 739 1794 conditionem
762 1767 806 1776 -
830 1728 943 1794 laudat
967 1730 1120 1812 (58,15),
1157 1728 1241 1812 quod
1266 1730 1324 1796 τὸν

149 1841 208 1916 τῆς
233 1837 383 1915 ἀληθείας
408 1838 582 1915 παρεδίδου
599 1837 730 1901 κανόνα.
778 1837 863 1902 Tota
886 1837 967 1902 haec
992 1838 1150 1902 sententia
1174 1838 1324 1903 convenit

151 1947 192 2028 ei,
218 1965 312 2027 quam
337 1943 534 2029 Porphyrius
559 1943 599 2009 de
623 1943 751 2010 Christo
775 1929 953 2030 protulerat
977 1950 1011 2010 ut
1035 1945 1164 2009 homine
1180 1945 1323 2029 piissimo

152 2060 186 2118 et
210 2052 378 2117 immortali
402 2052 537 2144 faeto¹l3
573 2054 647 2135 quin
679 2054 774 2117 etiam
807 2051 847 2117 de
871 2053 1028 2137 passione.
1044 2054 1112 2118 eius
1146 2052 1325 2135 aequaliter

153 2160 274 2224 iudicat
298 2181 327 2244 ρ.
346 2161 399 2241 52,
418 2160 451 2224 l:
483 2159 502 2224 l>
527 2162 561 2224 δὲ
576 2161 715 2238 Χριστὸς
740 2161 766 2223 εἰ
791 2162 841 2224 καὶ
865 2164 981 2224 παθεῖν
1004 2158 1069 2239 εἶχε
1094 2157 1160 2224 κατ’
1187 2159 1322 2237 ἐντολὰς

155 2270 210 2329 τοῦ
235 2270 319 2342 θεοῦ,
343 2267 439 2345 ἐχρῆν
463 2269 519 2345 μὲν
544 2269 712 2346 ὑπομεῖναι
736 2271 794 2346 τὴν
817 2269 979 2346 τιμωρίαν,
1003 2267 1072 2332 scil.
1090 2274 1125 2331 ut
1141 2267 1236 2333 homo
1253 2266 1323 2352 phi·

154 2373 347 2459 losophus2).
397 2373 542 2439 Christus
566 2373 770 2454 uenerabilis,
795 2373 966 2438 Christiani
991 2395 1031 2439 ne
1048 2375 1088 2439 ab
1108 2375 1178 2460 ipso
1196 2374 1324 2458 quidem

153 2480 272 2564 edocti,
297 2481 415 2566 quippe
440 2482 493 2562 qui
517 2501 556 2545 ne
580 2480 680 2564 ipsius
705 2479 832 2563 quidem
857 2482 1030 2564 imaginem
1054 2487 1142 2546 recte
1166 2483 1326 2577 percepis-

153 2597 233 2672 sent,
259 2590 305 2653 sio
329 2595 436 2654 noster
460 2608 586 2671 quoque
609 2587 767 2654 iudicauit
791 2594 823 2652 et
847 2589 894 2654 sic
911 2588 1145 2672 intellegemus,
1169 2596 1326 2673 utsupra

150 2695 215 2759 iam
240 2694 452 2778 exposuimus,
478 2714 560 2777 quae
584 2700 711 2778 praeter
728 2693 966 2776 evangeliorum
982 2693 1211 2777 repugnantias
1228 2693 1325 2758 etiam

152 2799 194 2865 de
218 2799 334 2866 Christi
370 2803 511 2884 queritur
543 2801 674 2884 ignavia
700 2806 743 2886 (p.
761 2803 804 2866 52
815 2804 887 2884 sq.l,
923 2799 1081 2866 iniustitia
1106 2802 1149 2884 (p.
1167 2800 1325 2883 55-58),

152 2907 351 2973 immanitate
375 2909 455 2992 (94),
480 2910 696 2975 inconstantia
721 2909 995 2992 (99),¹inscientia
1012 2908 1093 2989 (54),
1118 2907 1326 2992 neglegentia

151 3017 284 3084 rationis
308 3019 390 3101 (24),
415 3019 471 3083 al:
506 3019 776 3102 evangelistarum
800 3016 964 3082 fallaciam
990 3016 1136 3096 (πλάσμα
1159 3020 1217 3095 τῆς
1239 3015 1325 3080 ἱστο-

152 3126 236 3205 ρίας)
275 3125 558 3208 demonstraturus,
600 3145 662 3207 quo
702 3144 810 3190 verum
845 3123 1005 3190 Christum
1041 3145 1061 3189 a
1096 3123 1324 3208 discipulorum

155 3267 367 3276 —Q—-m

262 3352 288 3417 1)
308 3353 399 3405 Plura
419 3357 519 3406 autem
539 3368 578 3406 ne
592 3353 764 3406 Macariano
779 3353 901 3421 quidem
920 3353 1095 3423 philosopho
1115 3355 1324 3420 concesserim,

154 3437 216 3504 sed,
246 3440 268 3490 si
289 3438 436 3494 Christum
462 3441 493 3493 in
514 3440 601 3494 horto
622 3439 824 3495 Gethsemane
849 3443 901 3495 οῦκ
927 3443 988 3497 ἄξια
1015 3443 1138 3507 παιδὸς
1166 3447 1253 3498 θεοῦ
1283 3445 1325 3497 ait

155 3527 288 3582 locutum
308 3543 381 3595 esse,
406 3529 465 3582 ἀλλ’
485 3529 545 3582 οὐδ’
565 3530 716 3595 ἀνθρώπου
736 3535 829 3598 σοφοῦ
849 3531 902 3598 (53,
916 3532 952 3599 θ),
982 3533 1126 3601 quoniam
1145 3539 1270 3602 propter
1289 3534 1325 3587 si·

154 3618 352 3672 militudinem
377 3623 545 3672 ceterorum
571 3619 705 3672 locorum
724 3619 826 3686 (23,16
846 3624 875 3672 ot
896 3621 955 3687 162,
969 3621 997 3682 7)
1023 3620 1200 3691 philosopho
1221 3623 1252 3675 id
1272 3623 1324 3675 vix

154 3709 440 3774 abiudicaverimus,
470 3723 546 3774 eum,
576 3709 654 3761 sicut
677 3709 780 3762 verbis
807 3709 892 3762 δεῖξαι
916 3714 957 3776 τῷ
981 3711 1041 3763 ῦντι
1065 3709 1172 3763 δίκαιον
1195 3711 1239 3764 ὅτι
1258 3715 1324 3766 θεοῦ

153 3803 219 3862 παῖς
238 3799 307 3866 ἐστι,
327 3813 364 3852 ex
385 3797 641 3867 evangelistarum
657 3797 744 3865 quasi
760 3811 890 3866 persona
904 3798 985 3866 loqui
999 3798 1236 3864 recordabimur,
1256 3815 1324 3854 cum

155 3891 299 3956 opponat,
326 3887 445 3956 qualem
466 3885 687 3955 descripserint,
707 3887 744 3951 ei,
765 3900 855 3954 quem
875 3886 1028 3939 voluerint
1047 3887 1220 3942 describere
1239 3891 1325 3942 παῖδα

154 3978 228 4028 θεοῦ.
271 3975 382 4032 Contra
412 3991 450 4030 ne
479 3976 536 4030 hac
565 3975 685 4044 quidem
714 3975 831 4029 ratione
860 3975 1044 4045 explicarim,
1074 3975 1155 4043 quod
1184 3992 1212 4044 p.
1233 3977 1322 4044 102,1

154 4063 277 4118 Petrum
296 4065 367 4119 dicit
386 4068 450 4120 ὑπὸ
470 4071 530 4119 τοῦ
553 4069 632 4118 θεοῦ
654 4064 776 4119 doctum
800 4079 866 4118 esse
889 4070 1015 4118 mortem
1040 4064 1129 4133 parvi
1149 4063 1261 4119 ducere
1282 4067 1323 4120 id·

155 4168 214 4221 que
227 4153 263 4206 de
278 4152 396 4209 Chmsto
410 4156 475 4210 vult
488 4155 631 4224 intellegi,
651 4154 704 4208 sed
719 4155 826 4221 locum,
845 4155 870 4208 si
886 4153 969 4224 apud
984 4152 1158 4219 Macarium,
1177 4158 1208 4206 at
1223 4159 1323 4209 tamen

153 4257 213 4296 non
233 4244 315 4312 apud
334 4244 544 4316 philosophum
564 4247 606 4299 ita
625 4260 690 4299 csse
710 4247 863 4314 integrum
883 4259 1002 4299 censeo.

260 4332 288 4397 2)
308 4331 411 4388 Celsus
431 4337 582 4389 contraria
600 4336 719 4390 ratione
739 4334 829 4388 deum
844 4335 980 4388 irriserat
1000 4347 1121 4401 passum
1136 4337 1229 4401 atque
1247 4347 1324 4386 mor·

154 4427 239 4476 tuum
260 4421 353 4491 (Orig.
374 4438 397 4475 c.
419 4422 590 4493 Cels.154;
613 4424 707 4493 11173
727 4423 767 4476 VI
786 4423 841 4488 74).
